timestamp,symbol,bid_price,bid_size,ask_price,ask_size,trade_price,trade_size,last_updated
2025-10-03 11:02:15,SPY,669.13,200,669.18,150,669.14,2,
2025-10-03 11:02:17,SPY,669.13,200,669.18,150,669.14,2,
2025-10-03 11:02:18,SPY,669.13,200,669.18,150,669.14,2,
2025-10-03 11:02:19,SPY,669.13,200,669.18,150,669.14,2,
2025-10-03 11:02:20,SPY,669.13,200,669.18,150,669.14,2,
2025-10-03 11:02:21,SPY,669.13,200,669.18,150,669.14,2,
2025-10-03 11:02:22,SPY,669.28,450,669.33,200,669.22,100,
2025-10-03 11:02:23,SPY,669.28,450,669.33,200,669.22,100,
2025-10-03 11:02:24,SPY,669.28,450,669.33,200,669.22,100,
2025-10-03 11:02:25,SPY,669.28,450,669.33,200,669.22,100,
2025-10-03 11:02:27,SPY,669.28,450,669.33,200,669.22,100,
2025-10-03 11:02:28,SPY,669.23,250,669.28,270,669.30,74,
2025-10-03 11:02:29,SPY,669.23,250,669.28,270,669.30,74,
2025-10-03 11:02:30,SPY,669.23,250,669.28,270,669.30,74,
2025-10-03 11:02:31,SPY,669.23,250,669.28,270,669.30,74,
2025-10-03 11:02:32,SPY,669.23,250,669.28,270,669.30,74,
2025-10-03 11:02:33,SPY,669.23,250,669.28,270,669.30,74,
2025-10-03 11:02:35,SPY,669.30,450,669.35,649,669.34,100,
2025-10-03 11:02:36,SPY,669.30,450,669.35,649,669.34,100,
2025-10-03 11:02:37,SPY,669.30,450,669.35,649,669.34,100,
2025-10-03 11:02:38,SPY,669.30,450,669.35,649,669.34,100,
2025-10-03 11:02:39,SPY,669.30,450,669.35,649,669.34,100,
2025-10-03 11:02:40,SPY,669.30,350,669.35,870,669.33,189,
2025-10-03 11:02:41,SPY,669.30,350,669.35,870,669.33,189,
2025-10-03 11:02:42,SPY,669.30,350,669.35,870,669.33,189,
2025-10-03 11:02:44,SPY,669.30,350,669.35,870,669.33,189,
2025-10-03 11:02:45,SPY,669.30,350,669.35,870,669.33,189,
2025-10-03 11:02:46,SPY,669.27,550,669.32,51,669.27,50,
2025-10-03 11:02:47,SPY,669.27,550,669.32,51,669.27,50,
2025-10-03 11:02:48,SPY,669.27,550,669.32,51,669.27,50,
2025-10-03 11:02:49,SPY,669.27,550,669.32,51,669.27,50,
2025-10-03 11:02:50,SPY,669.27,550,669.32,51,669.27,50,
2025-10-03 11:02:52,SPY,669.27,550,669.32,51,669.27,100,
2025-10-03 11:02:53,SPY,669.08,350,669.13,615,669.21,100,
2025-10-03 11:02:54,SPY,669.08,350,669.13,615,669.21,100,
2025-10-03 11:02:55,SPY,669.08,350,669.13,615,669.21,100,
2025-10-03 11:02:56,SPY,669.08,350,669.13,615,669.21,100,
2025-10-03 11:02:57,SPY,669.08,350,669.13,615,669.21,100,
2025-10-03 11:02:58,SPY,669.11,350,669.16,120,669.10,200,
2025-10-03 11:02:59,SPY,669.11,350,669.16,120,669.10,200,
2025-10-03 11:03:01,SPY,669.11,350,669.16,120,669.10,200,
2025-10-03 11:03:02,SPY,669.11,350,669.16,120,669.10,200,
2025-10-03 11:03:03,SPY,669.11,350,669.16,120,669.10,200,
2025-10-03 11:03:04,SPY,669.05,350,669.10,"1,159",669.11,10,
2025-10-03 11:03:05,SPY,669.05,350,669.10,"1,159",669.11,10,
2025-10-03 11:03:06,SPY,669.05,350,669.10,"1,159",669.11,10,
2025-10-03 11:03:07,SPY,669.05,350,669.10,"1,159",669.11,10,
2025-10-03 11:03:08,SPY,669.05,350,669.10,"1,159",669.11,10,
2025-10-03 11:03:09,SPY,669.05,350,669.10,"1,159",669.11,10,
2025-10-03 11:03:11,SPY,669.11,100,669.16,300,669.08,100,
2025-10-03 11:03:14,SPY,669.11,100,669.16,300,669.08,100,
2025-10-03 11:03:15,SPY,669.11,100,669.16,300,669.08,100,
2025-10-03 11:03:16,SPY,669.08,250,669.13,664,669.03,60,
2025-10-03 11:03:18,SPY,669.08,250,669.13,664,669.03,60,
2025-10-03 11:03:19,SPY,669.08,250,669.13,664,669.03,60,
2025-10-03 11:03:20,SPY,669.08,250,669.13,664,669.03,60,
2025-10-03 11:03:32,SPY,669.06,350,669.11,368,669.06,92,
2025-10-03 11:03:33,SPY,669.06,350,669.11,368,669.06,92,
2025-10-03 11:03:35,SPY,668.95,400,669.00,360,668.97,1,
2025-10-03 11:03:36,SPY,668.95,400,669.00,360,668.97,1,
2025-10-03 11:03:37,SPY,668.95,400,669.00,360,668.97,1,
2025-10-03 11:03:38,SPY,668.95,400,669.00,360,668.97,1,
2025-10-03 11:03:39,SPY,668.95,400,669.00,360,668.97,1,
2025-10-03 11:03:40,SPY,668.91,460,668.96,75,668.88,100,
2025-10-03 11:03:41,SPY,668.91,460,668.96,75,668.88,100,
2025-10-03 11:03:42,SPY,668.91,460,668.96,75,668.88,100,
2025-10-03 11:03:43,SPY,668.91,460,668.96,75,668.88,100,
2025-10-03 11:03:45,SPY,668.91,460,668.96,75,668.88,100,
2025-10-03 11:03:46,SPY,668.81,360,668.86,369,668.82,23,
2025-10-03 11:03:47,SPY,668.81,360,668.86,369,668.82,23,
2025-10-03 11:03:48,SPY,668.81,360,668.86,369,668.82,23,
2025-10-03 11:03:49,SPY,668.81,360,668.86,369,668.82,23,
2025-10-03 11:03:50,SPY,668.81,360,668.86,369,668.82,23,
2025-10-03 11:03:51,SPY,668.81,360,668.86,369,668.82,23,
2025-10-03 11:03:52,SPY,668.81,560,668.86,159,668.83,49,
2025-10-03 11:03:53,SPY,668.81,560,668.86,159,668.83,49,
2025-10-03 11:03:55,SPY,668.81,560,668.86,159,668.83,49,
2025-10-03 11:04:04,SPY,668.87,550,668.93,120,668.88,10,
2025-10-03 11:04:05,SPY,668.87,550,668.93,120,668.88,10,
2025-10-03 11:04:07,SPY,668.87,550,668.93,120,668.88,10,
2025-10-03 11:04:08,SPY,668.87,550,668.93,120,668.88,10,
2025-10-03 11:04:09,SPY,668.87,550,668.93,120,668.88,10,
2025-10-03 11:04:10,SPY,668.87,550,668.93,120,668.88,10,
2025-10-03 11:04:11,SPY,668.87,550,668.93,120,668.88,10,
2025-10-03 11:04:12,SPY,668.87,550,668.93,120,668.88,10,
2025-10-03 11:04:13,SPY,668.87,550,668.93,120,668.88,10,
2025-10-03 11:04:14,SPY,668.87,550,668.93,120,668.88,10,
2025-10-03 11:04:16,SPY,668.87,550,668.93,600,668.91,100,
2025-10-03 11:04:17,SPY,668.83,450,668.88,600,668.91,100,
2025-10-03 11:04:18,SPY,668.83,450,668.88,600,668.91,100,
2025-10-03 11:04:19,SPY,668.83,450,668.88,600,668.91,100,
2025-10-03 11:04:20,SPY,668.83,450,668.88,600,668.91,100,
2025-10-03 11:04:21,SPY,668.83,450,668.88,600,668.91,100,
2025-10-03 11:04:22,SPY,668.65,650,668.71,170,668.83,100,
2025-10-03 11:04:24,SPY,668.65,650,668.71,170,668.83,100,
2025-10-03 11:04:25,SPY,668.65,650,668.71,170,668.83,100,
2025-10-03 11:04:26,SPY,668.65,650,668.71,170,668.83,100,
2025-10-03 11:04:27,SPY,668.65,650,668.71,170,668.83,100,
2025-10-03 11:04:28,SPY,668.70,450,668.75,172,668.62,92,
2025-10-03 11:04:29,SPY,668.70,450,668.75,172,668.62,92,
2025-10-03 11:04:30,SPY,668.70,450,668.75,172,668.62,92,
2025-10-03 11:04:32,SPY,668.70,450,668.75,172,668.62,92,
2025-10-03 11:04:33,SPY,668.70,450,668.75,172,668.62,92,
2025-10-03 11:04:34,SPY,668.62,450,668.67,470,668.70,199,
2025-10-03 11:04:35,SPY,668.62,450,668.67,470,668.70,199,
2025-10-03 11:04:36,SPY,668.62,450,668.67,470,668.70,199,
2025-10-03 11:04:37,SPY,668.62,450,668.67,470,668.70,199,
2025-10-03 11:04:38,SPY,668.62,450,668.67,470,668.70,199,
2025-10-03 11:04:40,SPY,668.62,450,668.76,822,668.68,6,
2025-10-03 11:04:41,SPY,668.71,350,668.76,822,668.68,6,
2025-10-03 11:04:42,SPY,668.71,350,668.76,822,668.68,6,
2025-10-03 11:04:43,SPY,668.71,350,668.76,822,668.68,6,
2025-10-03 11:04:44,SPY,668.71,350,668.76,822,668.68,6,
2025-10-03 11:04:45,SPY,668.71,350,668.76,822,668.68,6,
2025-10-03 11:04:46,SPY,668.68,450,668.73,850,668.73,1,
2025-10-03 11:04:48,SPY,668.68,450,668.73,850,668.73,1,
2025-10-03 11:04:49,SPY,668.68,450,668.73,850,668.73,1,
2025-10-03 11:04:50,SPY,668.68,450,668.73,850,668.73,1,
2025-10-03 11:04:51,SPY,668.68,450,668.73,850,668.73,1,
2025-10-03 11:04:52,SPY,668.74,450,668.79,379,668.65,100,
2025-10-03 11:04:53,SPY,668.74,450,668.79,379,668.65,100,
2025-10-03 11:04:54,SPY,668.74,450,668.79,379,668.65,100,
2025-10-03 11:04:56,SPY,668.74,450,668.79,379,668.65,100,
2025-10-03 11:04:57,SPY,668.74,450,668.79,379,668.65,100,
2025-10-03 11:04:58,SPY,668.64,450,668.69,417,668.67,100,
2025-10-03 11:04:59,SPY,668.64,450,668.69,417,668.67,100,
2025-10-03 11:05:00,SPY,668.64,450,668.69,417,668.67,100,
2025-10-03 11:05:02,SPY,668.64,450,668.69,417,668.67,100,
2025-10-03 11:05:03,SPY,668.64,450,668.69,417,668.67,100,
2025-10-03 11:05:04,SPY,668.86,260,668.92,378,668.63,93,
2025-10-03 11:05:05,SPY,668.86,260,668.92,378,668.63,93,
2025-10-03 11:05:06,SPY,668.86,260,668.92,378,668.63,93,
2025-10-03 11:05:07,SPY,668.86,260,668.92,378,668.63,93,
2025-10-03 11:05:09,SPY,668.86,260,668.92,378,668.63,93,
2025-10-03 11:05:10,SPY,668.75,150,668.80,120,668.86,34,
2025-10-03 11:05:11,SPY,668.75,150,668.80,120,668.86,34,
2025-10-03 11:05:12,SPY,668.75,150,668.80,120,668.86,34,
2025-10-03 11:05:13,SPY,668.75,150,668.80,120,668.86,34,
2025-10-03 11:05:14,SPY,668.75,150,668.80,120,668.86,34,
2025-10-03 11:05:16,SPY,668.75,150,668.80,120,668.86,34,
2025-10-03 11:05:17,SPY,668.74,150,668.79,571,668.75,1,
2025-10-03 11:05:18,SPY,668.74,150,668.79,571,668.75,1,
2025-10-03 11:05:19,SPY,668.74,150,668.79,571,668.75,1,
2025-10-03 11:05:20,SPY,668.74,150,668.79,571,668.75,1,
2025-10-03 11:05:21,SPY,668.71,450,668.76,550,668.71,1,
2025-10-03 11:05:28,SPY,668.71,450,668.76,550,668.71,1,
2025-10-03 11:05:29,SPY,668.71,450,668.76,550,668.71,1,
2025-10-03 11:05:30,SPY,668.71,450,668.76,550,668.71,1,
2025-10-03 11:05:31,SPY,668.71,450,668.76,550,668.71,1,
2025-10-03 11:05:32,SPY,668.71,450,668.76,550,668.71,1,
2025-10-03 11:05:33,SPY,668.71,450,668.76,350,668.71,100,
2025-10-03 11:05:35,SPY,668.71,350,668.76,350,668.71,100,
2025-10-03 11:05:36,SPY,668.71,350,668.76,350,668.71,100,
2025-10-03 11:05:37,SPY,668.71,350,668.76,350,668.71,100,
2025-10-03 11:05:38,SPY,668.71,350,668.76,350,668.71,100,
2025-10-03 11:05:40,SPY,668.71,350,668.76,350,668.71,20,
2025-10-03 11:05:41,SPY,668.70,500,668.75,250,668.73,20,
2025-10-03 11:05:42,SPY,668.70,500,668.75,250,668.73,20,
2025-10-03 11:05:43,SPY,668.70,500,668.75,250,668.73,20,
2025-10-03 11:05:44,SPY,668.70,500,668.75,250,668.73,20,
2025-10-03 11:05:46,SPY,668.70,260,668.72,501,668.66,100,
2025-10-03 11:05:47,SPY,668.67,260,668.72,501,668.66,100,
2025-10-03 11:05:48,SPY,668.67,260,668.72,501,668.66,100,
2025-10-03 11:05:50,SPY,668.67,260,668.72,501,668.66,100,
2025-10-03 11:05:51,SPY,668.67,260,668.72,501,668.66,100,
2025-10-03 11:05:52,SPY,668.64,250,668.69,470,668.67,100,
2025-10-03 11:05:53,SPY,668.64,250,668.69,470,668.67,100,
2025-10-03 11:05:54,SPY,668.64,250,668.69,470,668.67,100,
2025-10-03 11:05:56,SPY,668.64,250,668.69,470,668.67,100,
2025-10-03 11:05:57,SPY,668.64,250,668.69,470,668.67,100,
2025-10-03 11:05:59,SPY,668.77,550,668.82,751,668.67,20,
2025-10-03 11:06:00,SPY,668.77,550,668.82,751,668.67,20,
2025-10-03 11:06:02,SPY,668.77,550,668.82,751,668.67,20,
2025-10-03 11:06:03,SPY,668.77,550,668.82,751,668.67,20,
2025-10-03 11:06:04,SPY,668.56,450,668.61,800,668.65,100,
2025-10-03 11:06:05,SPY,668.56,450,668.61,800,668.65,100,
2025-10-03 11:06:06,SPY,668.56,450,668.61,800,668.65,100,
2025-10-03 11:06:08,SPY,668.56,450,668.61,800,668.65,100,
2025-10-03 11:06:09,SPY,668.56,450,668.61,800,668.65,100,
2025-10-03 11:06:11,SPY,668.48,350,668.53,100,668.51,41,
2025-10-03 11:06:12,SPY,668.48,350,668.53,100,668.51,41,
2025-10-03 11:06:13,SPY,668.48,350,668.53,100,668.51,41,
2025-10-03 11:06:14,SPY,668.48,350,668.53,100,668.51,41,
2025-10-03 11:06:15,SPY,668.48,350,668.53,100,668.51,41,
2025-10-03 11:06:16,SPY,668.48,350,668.53,100,668.51,41,
2025-10-03 11:06:18,SPY,668.48,350,668.53,100,668.51,41,
2025-10-03 11:06:19,SPY,668.48,350,668.53,100,668.51,41,
2025-10-03 11:06:20,SPY,668.48,350,668.53,100,668.51,41,
2025-10-03 11:06:21,SPY,668.48,350,668.53,100,668.51,41,
2025-10-03 11:06:22,SPY,668.49,260,668.54,181,668.44,500,
2025-10-03 11:06:23,SPY,668.49,260,668.54,181,668.44,500,
2025-10-03 11:06:24,SPY,668.49,260,668.54,181,668.44,500,
2025-10-03 11:06:26,SPY,668.49,260,668.54,181,668.44,500,
2025-10-03 11:06:27,SPY,668.49,260,668.54,181,668.44,500,
2025-10-03 11:06:28,SPY,668.46,550,668.51,250,668.46,100,
2025-10-03 11:06:29,SPY,668.46,550,668.51,250,668.46,100,
2025-10-03 11:06:30,SPY,668.46,550,668.51,250,668.46,100,
2025-10-03 11:06:31,SPY,668.46,550,668.51,250,668.46,100,
2025-10-03 11:06:32,SPY,668.46,550,668.51,250,668.46,100,
2025-10-03 11:06:34,SPY,668.46,550,668.51,250,668.46,100,
2025-10-03 11:06:35,SPY,668.39,450,668.44,251,668.40,50,
2025-10-03 11:06:36,SPY,668.39,450,668.44,251,668.40,50,
2025-10-03 11:06:37,SPY,668.39,450,668.44,251,668.40,50,
2025-10-03 11:06:38,SPY,668.39,450,668.44,251,668.40,50,
2025-10-03 11:06:39,SPY,668.39,450,668.44,251,668.40,50,
2025-10-03 11:06:41,SPY,668.34,250,668.39,970,668.38,100,
2025-10-03 11:06:42,SPY,668.34,250,668.39,970,668.38,100,
2025-10-03 11:06:43,SPY,668.34,250,668.39,970,668.38,100,
2025-10-03 11:06:44,SPY,668.34,250,668.39,970,668.38,100,
2025-10-03 11:06:45,SPY,668.34,250,668.39,970,668.38,100,
2025-10-03 11:06:47,SPY,668.33,523,668.38,369,668.30,100,
2025-10-03 11:06:48,SPY,668.33,523,668.38,369,668.30,100,
2025-10-03 11:06:49,SPY,668.33,523,668.38,369,668.30,100,
2025-10-03 11:06:50,SPY,668.33,523,668.38,369,668.30,100,
2025-10-03 11:06:51,SPY,668.33,523,668.38,369,668.30,100,
2025-10-03 11:06:52,SPY,668.29,100,668.34,880,668.35,20,
2025-10-03 11:06:54,SPY,668.29,100,668.34,880,668.35,20,
2025-10-03 11:06:55,SPY,668.29,100,668.34,880,668.35,20,
2025-10-03 11:06:56,SPY,668.29,100,668.34,880,668.35,20,
2025-10-03 11:06:58,SPY,668.29,250,668.34,950,668.29,48,
2025-10-03 11:07:00,SPY,668.29,250,668.34,950,668.29,48,
2025-10-03 11:07:01,SPY,668.29,250,668.34,950,668.29,48,
2025-10-03 11:07:02,SPY,668.29,250,668.34,950,668.29,48,
2025-10-03 11:07:03,SPY,668.29,250,668.34,950,668.29,48,
2025-10-03 11:07:04,SPY,668.48,660,668.53,176,668.51,140,
2025-10-03 11:07:05,SPY,668.48,660,668.53,176,668.51,140,
2025-10-03 11:07:06,SPY,668.48,660,668.53,176,668.51,140,
2025-10-03 11:07:08,SPY,668.48,660,668.53,176,668.51,140,
2025-10-03 11:07:09,SPY,668.48,660,668.53,176,668.51,140,
2025-10-03 11:07:10,SPY,668.60,550,668.65,500,668.64,1,
2025-10-03 11:07:11,SPY,668.60,550,668.65,500,668.64,1,
2025-10-03 11:07:12,SPY,668.60,550,668.65,500,668.64,1,
2025-10-03 11:07:14,SPY,668.60,550,668.65,500,668.64,1,
2025-10-03 11:07:15,SPY,668.60,550,668.65,500,668.64,1,
2025-10-03 11:07:16,SPY,668.60,550,668.65,500,668.64,1,
2025-10-03 11:07:17,SPY,668.60,550,668.65,500,668.64,1,
2025-10-03 11:07:18,SPY,668.60,550,668.65,500,668.64,1,
2025-10-03 11:07:20,SPY,668.60,550,668.65,500,668.64,1,
2025-10-03 11:07:21,SPY,668.60,550,668.65,500,668.64,1,
2025-10-03 11:07:22,SPY,668.63,250,668.68,678,668.64,100,
2025-10-03 11:07:23,SPY,668.63,250,668.68,678,668.64,100,
2025-10-03 11:07:24,SPY,668.63,250,668.68,678,668.64,100,
2025-10-03 11:07:26,SPY,668.63,250,668.68,678,668.64,100,
2025-10-03 11:07:27,SPY,668.63,250,668.68,678,668.64,100,
2025-10-03 11:07:28,SPY,668.65,350,668.70,323,668.65,1,
2025-10-03 11:07:29,SPY,668.65,350,668.70,323,668.65,1,
2025-10-03 11:07:30,SPY,668.65,350,668.70,323,668.65,1,
2025-10-03 11:07:31,SPY,668.65,350,668.70,323,668.65,1,
2025-10-03 11:07:33,SPY,668.65,350,668.70,323,668.65,1,
2025-10-03 11:07:34,SPY,668.51,650,668.57,123,668.55,60,
2025-10-03 11:07:35,SPY,668.51,650,668.57,123,668.55,60,
2025-10-03 11:07:37,SPY,668.51,650,668.57,123,668.55,60,
2025-10-03 11:07:39,SPY,668.59,250,668.64,174,668.59,100,
2025-10-03 11:07:41,SPY,668.59,250,668.64,174,668.59,100,
2025-10-03 11:07:43,SPY,668.59,250,668.64,174,668.59,100,
2025-10-03 11:07:45,SPY,668.59,250,668.64,174,668.59,100,
2025-10-03 11:07:46,SPY,668.61,250,668.66,700,668.63,20,
2025-10-03 11:07:47,SPY,668.61,250,668.66,700,668.63,20,
2025-10-03 11:07:49,SPY,668.61,250,668.66,700,668.63,20,
2025-10-03 11:07:50,SPY,668.61,250,668.66,700,668.63,20,
2025-10-03 11:07:51,SPY,668.61,250,668.66,700,668.63,20,
2025-10-03 11:07:52,SPY,668.55,300,668.60,670,668.63,20,
2025-10-03 11:07:53,SPY,668.55,300,668.60,670,668.63,20,
2025-10-03 11:07:55,SPY,668.55,300,668.60,670,668.63,20,
2025-10-03 11:07:56,SPY,668.55,300,668.60,670,668.63,20,
2025-10-03 11:07:57,SPY,668.55,300,668.60,670,668.63,20,
2025-10-03 11:07:58,SPY,668.55,450,668.60,450,668.54,4,
2025-10-03 11:07:59,SPY,668.55,450,668.60,450,668.54,4,
2025-10-03 11:08:01,SPY,668.55,450,668.60,450,668.54,4,
2025-10-03 11:08:02,SPY,668.55,450,668.60,450,668.54,4,
2025-10-03 11:08:03,SPY,668.55,450,668.60,450,668.54,4,
2025-10-03 11:08:04,SPY,668.50,350,668.55,450,668.53,100,
2025-10-03 11:08:05,SPY,668.50,350,668.55,450,668.53,100,
2025-10-03 11:08:07,SPY,668.50,350,668.55,450,668.53,100,
2025-10-03 11:08:08,SPY,668.50,350,668.55,450,668.53,100,
2025-10-03 11:08:09,SPY,668.50,350,668.55,450,668.53,100,
2025-10-03 11:08:10,SPY,668.50,350,668.55,450,668.53,100,
2025-10-03 11:08:12,SPY,668.50,350,668.55,450,668.53,100,
2025-10-03 11:08:13,SPY,668.50,350,668.55,450,668.53,100,
2025-10-03 11:08:14,SPY,668.50,350,668.55,450,668.53,100,
2025-10-03 11:08:16,SPY,668.50,377,668.39,250,668.50,100,
2025-10-03 11:08:17,SPY,668.34,377,668.39,250,668.50,100,
2025-10-03 11:08:19,SPY,668.34,377,668.39,250,668.50,100,
2025-10-03 11:08:21,SPY,668.34,377,668.39,250,668.50,100,
2025-10-03 11:08:22,SPY,668.33,100,668.38,169,668.35,100,
2025-10-03 11:08:23,SPY,668.33,100,668.38,169,668.35,100,
2025-10-03 11:08:25,SPY,668.33,100,668.38,169,668.35,100,
2025-10-03 11:08:26,SPY,668.33,100,668.38,169,668.35,100,
2025-10-03 11:08:27,SPY,668.33,100,668.38,169,668.35,100,
2025-10-03 11:08:28,SPY,668.33,100,668.38,169,668.35,100,
2025-10-03 11:08:29,SPY,668.33,100,668.38,169,668.35,100,
2025-10-03 11:08:31,SPY,668.33,100,668.38,169,668.35,100,
2025-10-03 11:08:32,SPY,668.33,100,668.38,169,668.35,100,
2025-10-03 11:08:33,SPY,668.33,100,668.38,169,668.35,100,
2025-10-03 11:08:34,SPY,668.41,350,668.46,250,668.39,50,
2025-10-03 11:08:35,SPY,668.41,350,668.46,250,668.39,50,
2025-10-03 11:08:37,SPY,668.41,350,668.46,250,668.39,50,
2025-10-03 11:08:38,SPY,668.41,350,668.46,250,668.39,50,
2025-10-03 11:08:39,SPY,668.41,350,668.46,250,668.39,50,
2025-10-03 11:08:40,SPY,668.51,550,668.56,168,668.50,100,
2025-10-03 11:08:41,SPY,668.51,550,668.56,168,668.50,100,
2025-10-03 11:08:42,SPY,668.51,550,668.56,168,668.50,100,
2025-10-03 11:08:43,SPY,668.51,550,668.56,168,668.50,100,
2025-10-03 11:08:45,SPY,668.51,550,668.56,168,668.50,100,
2025-10-03 11:08:46,SPY,668.48,450,668.53,"1,050",668.54,50,
2025-10-03 11:08:47,SPY,668.48,450,668.53,"1,050",668.54,50,
2025-10-03 11:08:48,SPY,668.48,450,668.53,"1,050",668.54,50,
2025-10-03 11:08:49,SPY,668.48,450,668.53,"1,050",668.54,50,
2025-10-03 11:08:50,SPY,668.48,450,668.53,"1,050",668.54,50,
2025-10-03 11:08:51,SPY,668.48,450,668.53,"1,050",668.54,50,
2025-10-03 11:08:53,SPY,668.50,200,668.55,166,668.48,20,
2025-10-03 11:08:54,SPY,668.50,200,668.55,166,668.48,20,
2025-10-03 11:08:55,SPY,668.50,200,668.55,166,668.48,20,
2025-10-03 11:08:56,SPY,668.50,200,668.55,166,668.48,20,
2025-10-03 11:08:57,SPY,668.50,200,668.55,166,668.48,20,
2025-10-03 11:08:58,SPY,668.50,260,668.55,377,668.48,100,
2025-10-03 11:09:00,SPY,668.50,260,668.55,377,668.48,100,
2025-10-03 11:09:01,SPY,668.50,260,668.55,377,668.48,100,
2025-10-03 11:09:02,SPY,668.50,260,668.55,377,668.48,100,
2025-10-03 11:09:03,SPY,668.50,260,668.55,377,668.48,100,
2025-10-03 11:09:04,SPY,668.50,260,668.55,377,668.48,100,
2025-10-03 11:09:05,SPY,668.50,260,668.55,377,668.48,100,
2025-10-03 11:09:07,SPY,668.50,260,668.55,377,668.48,100,
2025-10-03 11:09:08,SPY,668.50,260,668.55,377,668.48,100,
2025-10-03 11:09:09,SPY,668.50,260,668.55,377,668.48,100,
2025-10-03 11:09:10,SPY,668.73,350,668.79,174,668.70,100,
2025-10-03 11:09:11,SPY,668.73,350,668.79,174,668.70,100,
2025-10-03 11:09:12,SPY,668.73,350,668.79,174,668.70,100,
2025-10-03 11:09:14,SPY,668.73,350,668.79,174,668.70,100,
2025-10-03 11:09:15,SPY,668.73,350,668.79,174,668.70,100,
2025-10-03 11:09:16,SPY,668.82,850,668.87,500,668.71,100,
2025-10-03 11:09:17,SPY,668.82,850,668.87,500,668.71,100,
2025-10-03 11:09:18,SPY,668.82,850,668.87,500,668.71,100,
2025-10-03 11:09:19,SPY,668.82,850,668.87,500,668.71,100,
2025-10-03 11:09:20,SPY,668.82,850,668.87,500,668.71,100,
2025-10-03 11:09:22,SPY,668.82,549,668.88,100,668.82,200,
2025-10-03 11:09:23,SPY,668.82,549,668.88,100,668.82,200,
2025-10-03 11:09:24,SPY,668.82,549,668.88,100,668.82,200,
2025-10-03 11:09:25,SPY,668.82,549,668.88,100,668.82,200,
2025-10-03 11:09:26,SPY,668.82,549,668.88,100,668.82,200,
2025-10-03 11:09:28,SPY,668.82,160,668.87,260,668.84,100,
2025-10-03 11:09:29,SPY,668.82,160,668.87,260,668.84,100,
2025-10-03 11:09:30,SPY,668.82,160,668.87,260,668.84,100,
2025-10-03 11:09:31,SPY,668.82,160,668.87,260,668.84,100,
2025-10-03 11:09:32,SPY,668.82,160,668.87,260,668.84,100,
2025-10-03 11:09:33,SPY,668.82,160,668.87,260,668.84,100,
2025-10-03 11:09:35,SPY,668.70,350,668.75,600,668.70,100,
2025-10-03 11:09:36,SPY,668.70,350,668.75,600,668.70,100,
2025-10-03 11:09:37,SPY,668.70,350,668.75,600,668.70,100,
2025-10-03 11:09:38,SPY,668.70,350,668.75,600,668.70,100,
2025-10-03 11:09:39,SPY,668.70,350,668.75,600,668.70,100,
2025-10-03 11:09:40,SPY,668.63,250,668.68,200,668.67,100,
2025-10-03 11:09:42,SPY,668.63,250,668.68,200,668.67,100,
2025-10-03 11:09:43,SPY,668.63,250,668.68,200,668.67,100,
2025-10-03 11:09:44,SPY,668.63,250,668.68,200,668.67,100,
2025-10-03 11:09:45,SPY,668.63,250,668.68,200,668.67,100,
2025-10-03 11:09:46,SPY,668.61,350,668.66,350,668.64,100,
2025-10-03 11:09:47,SPY,668.61,350,668.66,350,668.64,100,
2025-10-03 11:09:49,SPY,668.61,350,668.66,350,668.64,100,
2025-10-03 11:09:50,SPY,668.61,350,668.66,350,668.64,100,
2025-10-03 11:09:51,SPY,668.61,350,668.66,350,668.64,100,
2025-10-03 11:09:52,SPY,668.64,350,668.70,100,668.64,50,
2025-10-03 11:09:53,SPY,668.64,350,668.70,100,668.64,50,
2025-10-03 11:09:54,SPY,668.64,350,668.70,100,668.64,50,
2025-10-03 11:09:55,SPY,668.64,350,668.70,100,668.64,50,
2025-10-03 11:09:57,SPY,668.64,350,668.70,100,668.64,50,
2025-10-03 11:09:58,SPY,668.63,650,668.69,600,668.65,20,
2025-10-03 11:09:59,SPY,668.63,650,668.69,600,668.65,20,
2025-10-03 11:10:00,SPY,668.63,650,668.69,600,668.65,20,
2025-10-03 11:10:01,SPY,668.63,650,668.69,600,668.65,20,
2025-10-03 11:10:02,SPY,668.63,650,668.69,600,668.65,20,
2025-10-03 11:10:03,SPY,668.63,650,668.69,600,668.65,20,
2025-10-03 11:10:04,SPY,668.76,560,668.81,674,668.73,100,
2025-10-03 11:10:06,SPY,668.76,560,668.81,674,668.73,100,
2025-10-03 11:10:07,SPY,668.76,560,668.81,674,668.73,100,
2025-10-03 11:10:08,SPY,668.76,560,668.81,674,668.73,100,
2025-10-03 11:10:09,SPY,668.76,560,668.81,674,668.73,100,
2025-10-03 11:10:10,SPY,668.69,250,668.74,350,668.75,100,
2025-10-03 11:10:11,SPY,668.69,250,668.74,350,668.75,100,
2025-10-03 11:10:13,SPY,668.69,250,668.74,350,668.75,100,
2025-10-03 11:10:14,SPY,668.69,250,668.74,350,668.75,100,
2025-10-03 11:10:15,SPY,668.69,250,668.74,350,668.75,100,
2025-10-03 11:10:16,SPY,668.77,350,668.82,367,668.72,33,
2025-10-03 11:10:17,SPY,668.77,350,668.82,367,668.72,33,
2025-10-03 11:10:19,SPY,668.77,350,668.82,367,668.72,33,
2025-10-03 11:10:20,SPY,668.77,350,668.82,367,668.72,33,
2025-10-03 11:10:21,SPY,668.77,350,668.82,367,668.72,33,
2025-10-03 11:10:22,SPY,668.84,50,668.89,174,668.79,20,
2025-10-03 11:10:23,SPY,668.84,50,668.89,174,668.79,20,
2025-10-03 11:10:24,SPY,668.84,50,668.89,174,668.79,20,
2025-10-03 11:10:26,SPY,668.84,50,668.89,174,668.79,20,
2025-10-03 11:10:27,SPY,668.84,50,668.89,174,668.79,20,
2025-10-03 11:10:28,SPY,668.81,450,668.86,850,668.83,20,
2025-10-03 11:10:29,SPY,668.81,450,668.86,850,668.83,20,
2025-10-03 11:10:30,SPY,668.81,450,668.86,850,668.83,20,
2025-10-03 11:10:31,SPY,668.81,450,668.86,850,668.83,20,
2025-10-03 11:10:33,SPY,668.81,450,668.86,850,668.83,20,
2025-10-03 11:10:34,SPY,668.78,360,668.83,350,668.79,10,
2025-10-03 11:10:35,SPY,668.78,360,668.83,350,668.79,10,
2025-10-03 11:10:36,SPY,668.78,360,668.83,350,668.79,10,
2025-10-03 11:10:37,SPY,668.78,360,668.83,350,668.79,10,
2025-10-03 11:10:38,SPY,668.78,360,668.83,350,668.79,10,
2025-10-03 11:10:39,SPY,668.78,360,668.83,350,668.79,10,
2025-10-03 11:10:41,SPY,668.77,260,668.82,380,668.77,700,
2025-10-03 11:10:42,SPY,668.77,260,668.82,380,668.77,700,
2025-10-03 11:10:43,SPY,668.77,260,668.82,380,668.77,700,
2025-10-03 11:10:44,SPY,668.77,260,668.82,380,668.77,700,
2025-10-03 11:10:45,SPY,668.77,260,668.82,380,668.77,700,
2025-10-03 11:10:46,SPY,668.88,460,668.93,800,668.89,200,
2025-10-03 11:10:48,SPY,668.88,460,668.93,800,668.89,200,
2025-10-03 11:10:49,SPY,668.88,460,668.93,800,668.89,200,
2025-10-03 11:10:50,SPY,668.88,460,668.93,800,668.89,200,
2025-10-03 11:10:51,SPY,668.88,460,668.93,800,668.89,200,
2025-10-03 11:10:52,SPY,668.97,"1,060",669.02,401,668.96,100,
2025-10-03 11:10:53,SPY,668.97,"1,060",669.02,401,668.96,100,
2025-10-03 11:10:54,SPY,668.97,"1,060",669.02,401,668.96,100,
2025-10-03 11:10:56,SPY,668.97,"1,060",669.02,401,668.96,100,
2025-10-03 11:10:57,SPY,668.97,"1,060",669.02,401,668.96,100,
2025-10-03 11:10:58,SPY,669.01,250,669.06,700,668.99,1,
2025-10-03 11:10:59,SPY,669.01,250,669.06,700,668.99,1,
2025-10-03 11:11:00,SPY,669.01,250,669.06,700,668.99,1,
2025-10-03 11:11:01,SPY,669.01,250,669.06,700,668.99,1,
2025-10-03 11:11:02,SPY,669.01,250,669.06,700,668.99,1,
2025-10-03 11:11:04,SPY,669.01,250,669.26,100,669.18,20,
2025-10-03 11:11:05,SPY,669.19,350,669.26,100,669.18,20,
2025-10-03 11:11:06,SPY,669.19,350,669.26,100,669.18,20,
2025-10-03 11:11:07,SPY,669.19,350,669.26,100,669.18,20,
2025-10-03 11:11:08,SPY,669.19,350,669.26,100,669.18,20,
2025-10-03 11:11:10,SPY,669.19,350,669.26,100,669.18,20,
2025-10-03 11:11:11,SPY,669.23,250,669.28,200,669.20,100,
2025-10-03 11:11:12,SPY,669.23,250,669.28,200,669.20,100,
2025-10-03 11:11:13,SPY,669.23,250,669.28,200,669.20,100,
2025-10-03 11:11:14,SPY,669.23,250,669.28,200,669.20,100,
2025-10-03 11:11:15,SPY,669.23,250,669.28,200,669.20,100,
2025-10-03 11:11:17,SPY,669.22,350,669.27,400,669.24,69,
2025-10-03 11:11:18,SPY,669.22,350,669.27,400,669.24,69,
2025-10-03 11:11:19,SPY,669.22,350,669.27,400,669.24,69,
2025-10-03 11:11:20,SPY,669.22,350,669.27,400,669.24,69,
2025-10-03 11:11:21,SPY,669.22,350,669.27,400,669.24,69,
2025-10-03 11:11:23,SPY,669.26,450,669.35,100,669.26,100,
2025-10-03 11:11:24,SPY,669.26,450,669.35,100,669.26,100,
2025-10-03 11:11:25,SPY,669.26,450,669.35,100,669.26,100,
2025-10-03 11:11:26,SPY,669.26,450,669.35,100,669.26,100,
2025-10-03 11:11:27,SPY,669.26,450,669.35,100,669.26,100,
2025-10-03 11:11:28,SPY,669.31,460,669.41,100,669.30,100,
2025-10-03 11:11:29,SPY,669.31,460,669.41,100,669.30,100,
2025-10-03 11:11:30,SPY,669.31,460,669.41,100,669.30,100,
2025-10-03 11:11:32,SPY,669.31,460,669.41,100,669.30,100,
2025-10-03 11:11:33,SPY,669.31,460,669.41,100,669.30,100,
2025-10-03 11:11:34,SPY,669.38,450,669.43,800,669.30,100,
2025-10-03 11:11:35,SPY,669.38,450,669.43,800,669.30,100,
2025-10-03 11:11:36,SPY,669.38,450,669.43,800,669.30,100,
2025-10-03 11:11:37,SPY,669.38,450,669.43,800,669.30,100,
2025-10-03 11:11:38,SPY,669.38,450,669.43,800,669.30,100,
2025-10-03 11:11:40,SPY,669.38,450,669.43,800,669.30,100,
2025-10-03 11:11:41,SPY,669.52,460,669.58,600,669.43,94,
2025-10-03 11:11:42,SPY,669.52,460,669.58,600,669.43,94,
2025-10-03 11:11:43,SPY,669.52,460,669.58,600,669.43,94,
2025-10-03 11:11:44,SPY,669.52,460,669.58,600,669.43,94,
2025-10-03 11:11:45,SPY,669.52,460,669.58,600,669.43,94,
2025-10-03 11:11:46,SPY,669.51,460,669.56,200,669.56,41,
2025-10-03 11:11:47,SPY,669.51,460,669.56,200,669.56,41,
2025-10-03 11:11:49,SPY,669.51,460,669.56,200,669.56,41,
2025-10-03 11:11:50,SPY,669.51,460,669.56,200,669.56,41,
2025-10-03 11:11:51,SPY,669.51,460,669.56,200,669.56,41,
2025-10-03 11:11:52,SPY,669.50,378,669.55,800,669.49,100,
2025-10-03 11:11:53,SPY,669.50,378,669.55,800,669.49,100,
2025-10-03 11:11:54,SPY,669.50,378,669.55,800,669.49,100,
2025-10-03 11:11:55,SPY,669.50,378,669.55,800,669.49,100,
2025-10-03 11:11:57,SPY,669.50,378,669.55,800,669.49,100,
2025-10-03 11:11:58,SPY,669.52,240,669.57,301,669.51,100,
2025-10-03 11:11:59,SPY,669.52,240,669.57,301,669.51,100,
2025-10-03 11:12:00,SPY,669.52,240,669.57,301,669.51,100,
2025-10-03 11:12:01,SPY,669.52,240,669.57,301,669.51,100,
2025-10-03 11:12:02,SPY,669.52,240,669.57,301,669.51,100,
2025-10-03 11:12:03,SPY,669.52,240,669.57,301,669.51,100,
2025-10-03 11:12:04,SPY,669.53,360,669.59,100,669.55,13,
2025-10-03 11:12:06,SPY,669.53,360,669.59,100,669.55,13,
2025-10-03 11:12:07,SPY,669.53,360,669.59,100,669.55,13,
2025-10-03 11:12:08,SPY,669.53,360,669.59,100,669.55,13,
2025-10-03 11:12:09,SPY,669.53,360,669.59,100,669.55,13,
2025-10-03 11:12:10,SPY,669.53,450,669.58,600,669.50,100,
2025-10-03 11:12:11,SPY,669.53,450,669.58,600,669.50,100,
2025-10-03 11:12:12,SPY,669.53,450,669.58,600,669.50,100,
2025-10-03 11:12:13,SPY,669.53,450,669.58,600,669.50,100,
2025-10-03 11:12:15,SPY,669.53,450,669.58,600,669.50,100,
2025-10-03 11:12:16,SPY,669.53,450,669.58,571,669.52,100,
2025-10-03 11:12:17,SPY,669.49,550,669.54,571,669.52,100,
2025-10-03 11:12:18,SPY,669.49,550,669.54,571,669.52,100,
2025-10-03 11:12:19,SPY,669.49,550,669.54,571,669.52,100,
2025-10-03 11:12:20,SPY,669.49,550,669.54,571,669.52,100,
2025-10-03 11:12:21,SPY,669.49,550,669.54,571,669.52,100,
2025-10-03 11:12:22,SPY,669.4000,250,669.4500,"1,000",669.4900,50,
2025-10-03 11:12:24,SPY,669.4000,250,669.4500,"1,000",669.4900,50,
2025-10-03 11:12:25,SPY,669.4000,250,669.4500,"1,000",669.4900,50,
2025-10-03 11:12:26,SPY,669.4000,250,669.4500,"1,000",669.4900,50,
2025-10-03 11:12:27,SPY,669.4000,250,669.4500,"1,000",669.4900,50,
2025-10-03 11:12:28,SPY,669.46,650,669.52,100,669.42,50,
2025-10-03 11:12:29,SPY,669.46,650,669.52,100,669.42,50,
2025-10-03 11:12:30,SPY,669.46,650,669.52,100,669.42,50,
2025-10-03 11:12:31,SPY,669.46,650,669.52,100,669.42,50,
2025-10-03 11:12:32,SPY,669.46,650,669.52,100,669.42,50,
2025-10-03 11:12:34,SPY,669.46,650,669.52,100,669.48,100,
2025-10-03 11:12:35,SPY,669.50,360,669.55,100,669.48,100,
2025-10-03 11:12:36,SPY,669.50,360,669.55,100,669.48,100,
2025-10-03 11:12:37,SPY,669.50,360,669.55,100,669.48,100,
2025-10-03 11:12:38,SPY,669.50,360,669.55,100,669.48,100,
2025-10-03 11:12:39,SPY,669.50,360,669.55,100,669.48,100,
2025-10-03 11:12:40,SPY,669.48,300,669.53,720,669.49,96,
2025-10-03 11:12:41,SPY,669.48,300,669.53,720,669.49,96,
2025-10-03 11:12:42,SPY,669.48,300,669.53,720,669.49,96,
2025-10-03 11:12:44,SPY,669.48,300,669.53,720,669.49,96,
2025-10-03 11:12:45,SPY,669.48,300,669.53,720,669.49,96,
2025-10-03 11:12:46,SPY,669.48,150,669.53,100,669.50,100,
2025-10-03 11:12:47,SPY,669.48,150,669.53,100,669.50,100,
2025-10-03 11:12:48,SPY,669.48,150,669.53,100,669.50,100,
2025-10-03 11:12:49,SPY,669.48,150,669.53,100,669.50,100,
2025-10-03 11:12:50,SPY,669.48,150,669.53,100,669.50,100,
2025-10-03 11:12:51,SPY,669.48,150,669.53,100,669.50,100,
2025-10-03 11:12:53,SPY,669.53,400,669.58,676,669.48,89,
2025-10-03 11:12:54,SPY,669.53,400,669.58,676,669.48,89,
2025-10-03 11:12:55,SPY,669.53,400,669.58,676,669.48,89,
2025-10-03 11:12:56,SPY,669.53,400,669.58,676,669.48,89,
2025-10-03 11:12:57,SPY,669.53,400,669.58,676,669.48,89,
2025-10-03 11:12:58,SPY,669.47,450,669.52,451,669.50,4,
2025-10-03 11:12:59,SPY,669.47,450,669.52,451,669.50,4,
2025-10-03 11:13:00,SPY,669.47,450,669.52,451,669.50,4,
2025-10-03 11:13:01,SPY,669.47,450,669.52,451,669.50,4,
2025-10-03 11:13:03,SPY,669.47,450,669.52,451,669.50,4,
2025-10-03 11:13:04,SPY,669.29,260,669.34,560,669.40,100,
2025-10-03 11:13:05,SPY,669.29,260,669.34,560,669.40,100,
2025-10-03 11:13:06,SPY,669.29,260,669.34,560,669.40,100,
2025-10-03 11:13:07,SPY,669.29,260,669.34,560,669.40,100,
2025-10-03 11:13:08,SPY,669.29,260,669.34,560,669.40,100,
2025-10-03 11:13:09,SPY,669.29,260,669.34,560,669.40,100,
2025-10-03 11:13:10,SPY,669.2300,100,669.2800,300,669.2300,11,
2025-10-03 11:13:12,SPY,669.2300,100,669.2800,300,669.2300,11,
2025-10-03 11:13:13,SPY,669.2300,100,669.2800,300,669.2300,11,
2025-10-03 11:13:14,SPY,669.2300,100,669.2800,300,669.2300,11,
2025-10-03 11:13:15,SPY,669.2300,100,669.2800,300,669.2300,11,
2025-10-03 11:13:16,SPY,669.20,450,669.25,460,669.23,100,
2025-10-03 11:13:17,SPY,669.20,450,669.25,460,669.23,100,
2025-10-03 11:13:18,SPY,669.20,450,669.25,460,669.23,100,
2025-10-03 11:13:19,SPY,669.20,450,669.25,460,669.23,100,
2025-10-03 11:13:20,SPY,669.20,450,669.25,460,669.23,100,
2025-10-03 11:13:22,SPY,669.20,450,669.25,460,669.23,100,
2025-10-03 11:13:23,SPY,669.28,260,669.33,"1,071",669.21,3,
2025-10-03 11:13:24,SPY,669.28,260,669.33,"1,071",669.21,3,
2025-10-03 11:13:25,SPY,669.28,260,669.33,"1,071",669.21,3,
2025-10-03 11:13:26,SPY,669.28,260,669.33,"1,071",669.21,3,
2025-10-03 11:13:27,SPY,669.28,260,669.33,"1,071",669.21,3,
2025-10-03 11:13:28,SPY,669.25,560,669.31,100,669.29,100,
2025-10-03 11:13:29,SPY,669.25,560,669.31,100,669.29,100,
2025-10-03 11:13:30,SPY,669.25,560,669.31,100,669.29,100,
2025-10-03 11:13:31,SPY,669.25,560,669.31,100,669.29,100,
2025-10-03 11:13:33,SPY,669.25,560,669.31,100,669.29,100,
2025-10-03 11:13:34,SPY,669.3000,360,669.3500,720,669.2700,100,
2025-10-03 11:13:35,SPY,669.3000,360,669.3500,720,669.2700,100,
2025-10-03 11:13:36,SPY,669.3000,360,669.3500,720,669.2700,100,
2025-10-03 11:13:37,SPY,669.3000,360,669.3500,720,669.2700,100,
2025-10-03 11:13:38,SPY,669.3000,360,669.3500,720,669.2700,100,
2025-10-03 11:13:39,SPY,669.3000,360,669.3500,720,669.2700,100,
2025-10-03 11:13:40,SPY,669.33,350,669.38,770,669.29,100,
2025-10-03 11:13:42,SPY,669.33,350,669.38,770,669.29,100,
2025-10-03 11:13:43,SPY,669.33,350,669.38,770,669.29,100,
2025-10-03 11:13:44,SPY,669.33,350,669.38,770,669.29,100,
2025-10-03 11:13:45,SPY,669.33,350,669.38,770,669.29,100,
2025-10-03 11:13:46,SPY,669.37,450,669.43,79,669.35,140,
2025-10-03 11:13:47,SPY,669.37,450,669.43,79,669.35,140,
2025-10-03 11:13:48,SPY,669.37,450,669.43,79,669.35,140,
2025-10-03 11:13:49,SPY,669.37,450,669.43,79,669.35,140,
2025-10-03 11:13:51,SPY,669.37,450,669.43,79,669.35,140,
2025-10-03 11:13:52,SPY,669.37,350,669.3700,171,669.3400,50,
2025-10-03 11:13:53,SPY,669.3200,350,669.3700,171,669.3400,50,
2025-10-03 11:13:54,SPY,669.3200,350,669.3700,171,669.3400,50,
2025-10-03 11:13:55,SPY,669.3200,350,669.3700,171,669.3400,50,
2025-10-03 11:13:56,SPY,669.3200,350,669.3700,171,669.3400,50,
2025-10-03 11:13:57,SPY,669.3200,350,669.3700,171,669.3400,50,
2025-10-03 11:13:58,SPY,669.32,250,669.37,171,669.32,1,
2025-10-03 11:13:59,SPY,669.32,250,669.37,171,669.32,1,
2025-10-03 11:14:01,SPY,669.32,250,669.37,171,669.32,1,
2025-10-03 11:14:02,SPY,669.32,250,669.37,171,669.32,1,
2025-10-03 11:14:03,SPY,669.32,250,669.37,171,669.32,1,
2025-10-03 11:14:04,SPY,669.3200,650,669.3800,350,669.3600,4,
2025-10-03 11:14:05,SPY,669.3200,650,669.3800,350,669.3600,4,
2025-10-03 11:14:06,SPY,669.3200,650,669.3800,350,669.3600,4,
2025-10-03 11:14:07,SPY,669.3200,650,669.3800,350,669.3600,4,
2025-10-03 11:14:08,SPY,669.3200,650,669.3800,350,669.3600,4,
2025-10-03 11:14:10,SPY,669.3200,650,669.3800,350,669.3600,4,
2025-10-03 11:14:11,SPY,669.16,360,669.22,100,669.17,100,
2025-10-03 11:14:12,SPY,669.16,360,669.22,100,669.17,100,
2025-10-03 11:14:13,SPY,669.16,360,669.22,100,669.17,100,
2025-10-03 11:14:14,SPY,669.16,360,669.22,100,669.17,100,
2025-10-03 11:14:15,SPY,669.16,360,669.22,100,669.17,100,
2025-10-03 11:14:16,SPY,669.26,250,669.31,320,669.22,20,
2025-10-03 11:14:17,SPY,669.26,250,669.31,320,669.22,20,
2025-10-03 11:14:18,SPY,669.26,250,669.31,320,669.22,20,
2025-10-03 11:14:20,SPY,669.26,250,669.31,320,669.22,20,
2025-10-03 11:14:21,SPY,669.26,250,669.31,320,669.22,20,
2025-10-03 11:14:22,SPY,669.30,450,669.35,766,669.26,11,
2025-10-03 11:14:23,SPY,669.30,450,669.35,766,669.26,11,
2025-10-03 11:14:24,SPY,669.30,450,669.35,766,669.26,11,
2025-10-03 11:14:25,SPY,669.30,450,669.35,766,669.26,11,
2025-10-03 11:14:26,SPY,669.30,450,669.35,766,669.26,11,
2025-10-03 11:14:27,SPY,669.30,450,669.35,766,669.26,11,
2025-10-03 11:14:28,SPY,669.31,460,669.36,300,669.30,100,
2025-10-03 11:14:30,SPY,669.31,460,669.36,300,669.30,100,
2025-10-03 11:14:31,SPY,669.31,460,669.36,300,669.30,100,
2025-10-03 11:14:32,SPY,669.31,460,669.36,300,669.30,100,
2025-10-03 11:14:33,SPY,669.31,460,669.36,300,669.30,100,
2025-10-03 11:14:34,SPY,669.28,300,669.33,874,669.18,1,
2025-10-03 11:14:35,SPY,669.28,300,669.33,874,669.18,1,
2025-10-03 11:14:36,SPY,669.28,300,669.33,874,669.18,1,
2025-10-03 11:14:37,SPY,669.28,300,669.33,874,669.18,1,
2025-10-03 11:14:38,SPY,669.28,300,669.33,874,669.18,1,
2025-10-03 11:14:40,SPY,669.28,300,669.33,874,669.18,1,
2025-10-03 11:14:41,SPY,669.36,150,669.41,166,669.36,100,
2025-10-03 11:14:42,SPY,669.36,150,669.41,166,669.36,100,
2025-10-03 11:14:43,SPY,669.36,150,669.41,166,669.36,100,
2025-10-03 11:14:44,SPY,669.36,150,669.41,166,669.36,100,
2025-10-03 11:14:45,SPY,669.36,150,669.41,166,669.36,100,
2025-10-03 11:14:46,SPY,669.36,"1,030",669.41,466,669.35,20,
2025-10-03 11:14:47,SPY,669.36,"1,030",669.41,466,669.35,20,
2025-10-03 11:14:49,SPY,669.36,"1,030",669.41,466,669.35,20,
2025-10-03 11:14:50,SPY,669.36,"1,030",669.41,466,669.35,20,
2025-10-03 11:14:51,SPY,669.36,"1,030",669.41,466,669.35,20,
2025-10-03 11:14:52,SPY,669.3000,346,669.3500,"1,220",669.3500,20,
2025-10-03 11:14:53,SPY,669.3000,346,669.3500,"1,220",669.3500,20,
2025-10-03 11:14:54,SPY,669.3000,346,669.3500,"1,220",669.3500,20,
2025-10-03 11:14:55,SPY,669.3000,346,669.3500,"1,220",669.3500,20,
2025-10-03 11:14:56,SPY,669.3000,346,669.3500,"1,220",669.3500,20,
2025-10-03 11:14:57,SPY,669.3000,346,669.3500,"1,220",669.3500,20,
2025-10-03 11:14:59,SPY,669.2400,550,669.3000,"1,410",669.2800,9,
2025-10-03 11:15:00,SPY,669.2400,550,669.3000,"1,410",669.2800,9,
2025-10-03 11:15:01,SPY,669.2400,550,669.3000,"1,410",669.2800,9,
2025-10-03 11:15:02,SPY,669.2400,550,669.3000,"1,410",669.2800,9,
2025-10-03 11:15:03,SPY,669.2400,550,669.3000,"1,410",669.2800,9,
2025-10-03 11:15:04,SPY,669.33,250,669.38,200,669.24,100,
2025-10-03 11:15:05,SPY,669.33,250,669.38,200,669.24,100,
2025-10-03 11:15:06,SPY,669.33,250,669.38,200,669.24,100,
2025-10-03 11:15:07,SPY,669.33,250,669.38,200,669.24,100,
2025-10-03 11:15:09,SPY,669.33,250,669.38,200,669.24,100,
2025-10-03 11:15:10,SPY,669.2900,550,669.3500,620,669.3300,34,
2025-10-03 11:15:11,SPY,669.2900,550,669.3500,620,669.3300,34,
2025-10-03 11:15:12,SPY,669.2900,550,669.3500,620,669.3300,34,
2025-10-03 11:15:13,SPY,669.2900,550,669.3500,620,669.3300,34,
2025-10-03 11:15:14,SPY,669.2900,550,669.3500,620,669.3300,34,
2025-10-03 11:15:15,SPY,669.2900,550,669.3500,620,669.3300,34,
2025-10-03 11:15:16,SPY,669.34,360,669.39,300,669.31,60,
2025-10-03 11:15:17,SPY,669.34,360,669.39,300,669.31,60,
2025-10-03 11:15:19,SPY,669.34,360,669.39,300,669.31,60,
2025-10-03 11:15:20,SPY,669.34,360,669.39,300,669.31,60,
2025-10-03 11:15:21,SPY,669.34,360,669.39,300,669.31,60,
2025-10-03 11:15:22,SPY,669.38,460,669.43,200,669.38,16,
2025-10-03 11:15:23,SPY,669.38,460,669.43,200,669.38,16,
2025-10-03 11:15:24,SPY,669.38,460,669.43,200,669.38,16,
2025-10-03 11:15:25,SPY,669.38,460,669.43,200,669.38,16,
2025-10-03 11:15:26,SPY,669.38,460,669.43,200,669.38,16,
2025-10-03 11:15:28,SPY,669.38,460,669.43,200,669.38,16,
2025-10-03 11:15:29,SPY,669.32,560,669.37,381,669.34,100,
2025-10-03 11:15:30,SPY,669.32,560,669.37,381,669.34,100,
2025-10-03 11:15:31,SPY,669.32,560,669.37,381,669.34,100,
2025-10-03 11:15:32,SPY,669.32,560,669.37,381,669.34,100,
2025-10-03 11:15:33,SPY,669.32,560,669.37,381,669.34,100,
2025-10-03 11:15:34,SPY,669.47,500,669.52,801,669.49,200,
2025-10-03 11:15:35,SPY,669.47,500,669.52,801,669.49,200,
2025-10-03 11:15:36,SPY,669.47,500,669.52,801,669.49,200,
2025-10-03 11:15:38,SPY,669.47,500,669.52,801,669.49,200,
2025-10-03 11:15:39,SPY,669.47,500,669.52,801,669.49,200,
2025-10-03 11:15:40,SPY,669.44,650,669.50,250,669.44,100,
2025-10-03 11:15:41,SPY,669.44,650,669.50,250,669.44,100,
2025-10-03 11:15:42,SPY,669.44,650,669.50,250,669.44,100,
2025-10-03 11:15:43,SPY,669.44,650,669.50,250,669.44,100,
2025-10-03 11:15:44,SPY,669.44,650,669.50,250,669.44,100,
2025-10-03 11:15:45,SPY,669.44,650,669.50,250,669.44,100,
2025-10-03 11:15:46,SPY,669.41,360,669.46,760,669.44,100,
2025-10-03 11:15:48,SPY,669.41,360,669.46,760,669.44,100,
2025-10-03 11:15:49,SPY,669.41,360,669.46,760,669.44,100,
2025-10-03 11:15:50,SPY,669.41,360,669.46,760,669.44,100,
2025-10-03 11:15:51,SPY,669.41,360,669.46,760,669.44,100,
2025-10-03 11:15:52,SPY,669.27,250,669.32,351,669.28,100,
2025-10-03 11:15:53,SPY,669.27,250,669.32,351,669.28,100,
2025-10-03 11:15:54,SPY,669.27,250,669.32,351,669.28,100,
2025-10-03 11:15:55,SPY,669.27,250,669.32,351,669.28,100,
2025-10-03 11:15:56,SPY,669.27,250,669.32,351,669.28,100,
2025-10-03 11:15:58,SPY,669.27,250,669.32,351,669.28,100,
2025-10-03 11:15:59,SPY,669.26,560,669.31,300,669.28,100,
2025-10-03 11:16:00,SPY,669.26,560,669.31,300,669.28,100,
2025-10-03 11:16:01,SPY,669.26,560,669.31,300,669.28,100,
2025-10-03 11:16:02,SPY,669.26,560,669.31,300,669.28,100,
2025-10-03 11:16:03,SPY,669.26,560,669.31,300,669.28,100,
2025-10-03 11:16:04,SPY,669.43,100,669.48,178,669.43,44,
2025-10-03 11:16:05,SPY,669.43,100,669.48,178,669.43,44,
2025-10-03 11:16:06,SPY,669.43,100,669.48,178,669.43,44,
2025-10-03 11:16:08,SPY,669.43,100,669.48,178,669.43,44,
2025-10-03 11:16:09,SPY,669.43,100,669.48,178,669.43,44,
2025-10-03 11:16:10,SPY,669.39,350,669.44,651,669.41,100,
2025-10-03 11:16:11,SPY,669.39,350,669.44,651,669.41,100,
2025-10-03 11:16:12,SPY,669.39,350,669.44,651,669.41,100,
2025-10-03 11:16:13,SPY,669.39,350,669.44,651,669.41,100,
2025-10-03 11:16:14,SPY,669.39,350,669.44,651,669.41,100,
2025-10-03 11:16:15,SPY,669.39,350,669.44,651,669.41,100,
2025-10-03 11:16:16,SPY,669.42,460,669.47,250,669.42,100,
2025-10-03 11:16:18,SPY,669.42,460,669.47,250,669.42,100,
2025-10-03 11:16:19,SPY,669.42,460,669.47,250,669.42,100,
2025-10-03 11:16:20,SPY,669.42,460,669.47,250,669.42,100,
2025-10-03 11:16:21,SPY,669.42,460,669.47,250,669.42,100,
2025-10-03 11:16:22,SPY,669.32,500,669.37,151,669.42,100,
2025-10-03 11:16:23,SPY,669.32,500,669.37,151,669.42,100,
2025-10-03 11:16:24,SPY,669.32,500,669.37,151,669.42,100,
2025-10-03 11:16:25,SPY,669.32,500,669.37,151,669.42,100,
2025-10-03 11:16:27,SPY,669.32,500,669.37,151,669.42,100,
2025-10-03 11:16:28,SPY,669.32,500,669.37,151,669.42,100,
2025-10-03 11:16:29,SPY,669.42,350,669.47,201,669.41,222,
2025-10-03 11:16:30,SPY,669.42,350,669.47,201,669.41,222,
2025-10-03 11:16:31,SPY,669.42,350,669.47,201,669.41,222,
2025-10-03 11:16:32,SPY,669.42,350,669.47,201,669.41,222,
2025-10-03 11:16:33,SPY,669.42,350,669.47,201,669.41,222,
2025-10-03 11:16:34,SPY,669.42,350,669.47,201,669.41,222,
2025-10-03 11:16:35,SPY,669.42,350,669.47,201,669.41,222,
2025-10-03 11:16:37,SPY,669.42,350,669.47,201,669.41,222,
2025-10-03 11:16:38,SPY,669.42,350,669.47,201,669.41,222,
2025-10-03 11:16:39,SPY,669.42,350,669.47,201,669.41,222,
2025-10-03 11:16:40,SPY,669.38,250,669.43,200,669.40,100,
2025-10-03 11:16:41,SPY,669.38,250,669.43,200,669.40,100,
2025-10-03 11:16:42,SPY,669.38,250,669.43,200,669.40,100,
2025-10-03 11:16:43,SPY,669.38,250,669.43,200,669.40,100,
2025-10-03 11:16:44,SPY,669.38,250,669.43,200,669.40,100,
2025-10-03 11:16:45,SPY,669.38,250,669.43,200,669.40,100,
2025-10-03 11:16:47,SPY,669.46,150,669.51,377,669.38,100,
2025-10-03 11:16:48,SPY,669.46,150,669.51,377,669.38,100,
2025-10-03 11:16:49,SPY,669.46,150,669.51,377,669.38,100,
2025-10-03 11:16:50,SPY,669.46,150,669.51,377,669.38,100,
2025-10-03 11:16:51,SPY,669.46,150,669.51,377,669.38,100,
2025-10-03 11:16:52,SPY,669.42,150,669.47,"1,121",669.47,20,
2025-10-03 11:16:53,SPY,669.42,150,669.47,"1,121",669.47,20,
2025-10-03 11:16:54,SPY,669.42,150,669.47,"1,121",669.47,20,
2025-10-03 11:16:55,SPY,669.42,150,669.47,"1,121",669.47,20,
2025-10-03 11:16:57,SPY,669.42,150,669.47,"1,121",669.47,20,
2025-10-03 11:16:58,SPY,669.42,360,669.50,779,669.45,100,
2025-10-03 11:16:59,SPY,669.45,360,669.50,779,669.45,100,
2025-10-03 11:17:00,SPY,669.45,360,669.50,779,669.45,100,
2025-10-03 11:17:01,SPY,669.45,360,669.50,779,669.45,100,
2025-10-03 11:17:02,SPY,669.45,360,669.50,779,669.45,100,
2025-10-03 11:17:03,SPY,669.45,360,669.50,779,669.45,100,
2025-10-03 11:17:04,SPY,669.43,260,669.48,268,669.43,192,
2025-10-03 11:17:05,SPY,669.43,260,669.48,268,669.43,192,
2025-10-03 11:17:07,SPY,669.43,260,669.48,268,669.43,192,
2025-10-03 11:17:08,SPY,669.43,260,669.48,268,669.43,192,
2025-10-03 11:17:09,SPY,669.43,260,669.48,268,669.43,192,
2025-10-03 11:17:10,SPY,669.4800,360,669.5300,375,669.4600,52,
2025-10-03 11:17:11,SPY,669.4800,360,669.5300,375,669.4600,52,
2025-10-03 11:17:12,SPY,669.4800,360,669.5300,375,669.4600,52,
2025-10-03 11:17:13,SPY,669.4800,360,669.5300,375,669.4600,52,
2025-10-03 11:17:14,SPY,669.4800,360,669.5300,375,669.4600,52,
2025-10-03 11:17:15,SPY,669.4800,360,669.5300,375,669.4600,52,
2025-10-03 11:17:17,SPY,669.5300,360,669.5800,182,669.5200,50,
2025-10-03 11:17:18,SPY,669.5300,360,669.5800,182,669.5200,50,
2025-10-03 11:17:19,SPY,669.5300,360,669.5800,182,669.5200,50,
2025-10-03 11:17:20,SPY,669.5300,360,669.5800,182,669.5200,50,
2025-10-03 11:17:21,SPY,669.5300,360,669.5800,182,669.5200,50,
2025-10-03 11:17:22,SPY,669.53,350,669.58,382,669.51,60,
2025-10-03 11:17:23,SPY,669.53,350,669.58,382,669.51,60,
2025-10-03 11:17:24,SPY,669.53,350,669.58,382,669.51,60,
2025-10-03 11:17:25,SPY,669.53,350,669.58,382,669.51,60,
2025-10-03 11:17:27,SPY,669.53,350,669.58,382,669.51,60,
2025-10-03 11:17:28,SPY,669.5300,460,669.5800,382,669.5150,30,
2025-10-03 11:17:29,SPY,669.5300,460,669.5800,382,669.5150,30,
2025-10-03 11:17:30,SPY,669.5300,460,669.5800,382,669.5150,30,
2025-10-03 11:17:31,SPY,669.5300,460,669.5800,382,669.5150,30,
2025-10-03 11:17:32,SPY,669.5300,460,669.5800,382,669.5150,30,
2025-10-03 11:17:33,SPY,669.5300,460,669.5800,382,669.5150,30,
2025-10-03 11:17:34,SPY,669.54,300,669.59,861,669.55,100,
2025-10-03 11:17:35,SPY,669.54,300,669.59,861,669.55,100,
2025-10-03 11:17:37,SPY,669.54,300,669.59,861,669.55,100,
2025-10-03 11:17:38,SPY,669.54,300,669.59,861,669.55,100,
2025-10-03 11:17:39,SPY,669.54,300,669.59,861,669.55,100,
2025-10-03 11:17:40,SPY,669.55,555,669.60,600,669.56,100,
2025-10-03 11:17:41,SPY,669.55,555,669.60,600,669.56,100,
2025-10-03 11:17:42,SPY,669.55,555,669.60,600,669.56,100,
2025-10-03 11:17:43,SPY,669.55,555,669.60,600,669.56,100,
2025-10-03 11:17:44,SPY,669.55,555,669.60,600,669.56,100,
2025-10-03 11:17:45,SPY,669.55,555,669.60,600,669.56,100,
2025-10-03 11:17:47,SPY,669.57,360,669.62,770,669.56,100,
2025-10-03 11:17:48,SPY,669.57,360,669.62,770,669.56,100,
2025-10-03 11:17:49,SPY,669.57,360,669.62,770,669.56,100,
2025-10-03 11:17:50,SPY,669.57,360,669.62,770,669.56,100,
2025-10-03 11:17:51,SPY,669.57,360,669.62,770,669.56,100,
2025-10-03 11:17:52,SPY,669.60,327,669.65,200,669.60,20,
2025-10-03 11:17:53,SPY,669.60,327,669.65,200,669.60,20,
2025-10-03 11:17:54,SPY,669.60,327,669.65,200,669.60,20,
2025-10-03 11:17:55,SPY,669.60,327,669.65,200,669.60,20,
2025-10-03 11:17:57,SPY,669.60,327,669.65,200,669.60,20,
2025-10-03 11:17:58,SPY,669.67,450,669.72,256,669.60,20,
2025-10-03 11:17:59,SPY,669.67,450,669.72,256,669.60,20,
2025-10-03 11:18:00,SPY,669.67,450,669.72,256,669.60,20,
2025-10-03 11:18:01,SPY,669.67,450,669.72,256,669.60,20,
2025-10-03 11:18:02,SPY,669.67,450,669.72,256,669.60,20,
2025-10-03 11:18:03,SPY,669.67,450,669.72,256,669.60,20,
2025-10-03 11:18:04,SPY,669.69,360,669.74,101,669.70,100,
2025-10-03 11:18:06,SPY,669.69,360,669.74,101,669.70,100,
2025-10-03 11:18:07,SPY,669.69,360,669.74,101,669.70,100,
2025-10-03 11:18:08,SPY,669.69,360,669.74,101,669.70,100,
2025-10-03 11:18:09,SPY,669.69,360,669.74,101,669.70,100,
2025-10-03 11:18:10,SPY,669.71,560,669.76,300,669.67,8,
2025-10-03 11:18:11,SPY,669.71,560,669.76,300,669.67,8,
2025-10-03 11:18:12,SPY,669.71,560,669.76,300,669.67,8,
2025-10-03 11:18:13,SPY,669.71,560,669.76,300,669.67,8,
2025-10-03 11:18:14,SPY,669.71,560,669.76,300,669.67,8,
2025-10-03 11:18:16,SPY,669.71,560,669.76,300,669.67,20,
2025-10-03 11:18:17,SPY,669.72,350,669.77,201,669.72,20,
2025-10-03 11:18:18,SPY,669.72,350,669.77,201,669.72,20,
2025-10-03 11:18:19,SPY,669.72,350,669.77,201,669.72,20,
2025-10-03 11:18:20,SPY,669.72,350,669.77,201,669.72,20,
2025-10-03 11:18:21,SPY,669.72,350,669.77,201,669.72,20,
2025-10-03 11:18:22,SPY,669.68,360,669.73,560,669.74,60,
2025-10-03 11:18:23,SPY,669.68,360,669.73,560,669.74,60,
2025-10-03 11:18:25,SPY,669.68,360,669.73,560,669.74,60,
2025-10-03 11:18:26,SPY,669.68,360,669.73,560,669.74,60,
2025-10-03 11:18:27,SPY,669.68,360,669.73,560,669.74,60,
2025-10-03 11:18:28,SPY,669.64,460,669.69,"1,271",669.66,200,
2025-10-03 11:18:29,SPY,669.64,460,669.69,"1,271",669.66,200,
2025-10-03 11:18:30,SPY,669.64,460,669.69,"1,271",669.66,200,
2025-10-03 11:18:31,SPY,669.64,460,669.69,"1,271",669.66,200,
2025-10-03 11:18:32,SPY,669.64,460,669.69,"1,271",669.66,200,
2025-10-03 11:18:33,SPY,669.64,460,669.69,"1,271",669.66,200,
2025-10-03 11:18:35,SPY,669.69,460,669.74,201,669.70,100,
2025-10-03 11:18:36,SPY,669.69,460,669.74,201,669.70,100,
2025-10-03 11:18:37,SPY,669.69,460,669.74,201,669.70,100,
2025-10-03 11:18:38,SPY,669.69,460,669.74,201,669.70,100,
2025-10-03 11:18:39,SPY,669.69,460,669.74,201,669.70,100,
2025-10-03 11:18:40,SPY,669.7000,660,669.7500,201,669.7000,20,
2025-10-03 11:18:41,SPY,669.7000,660,669.7500,201,669.7000,20,
2025-10-03 11:18:42,SPY,669.7000,660,669.7500,201,669.7000,20,
2025-10-03 11:18:44,SPY,669.7000,660,669.7500,201,669.7000,20,
2025-10-03 11:18:45,SPY,669.7000,660,669.7500,201,669.7000,20,
2025-10-03 11:18:46,SPY,669.72,456,669.77,"1,001",669.72,100,
2025-10-03 11:18:47,SPY,669.72,456,669.77,"1,001",669.72,100,
2025-10-03 11:18:48,SPY,669.72,456,669.77,"1,001",669.72,100,
2025-10-03 11:18:49,SPY,669.72,456,669.77,"1,001",669.72,100,
2025-10-03 11:18:50,SPY,669.72,456,669.77,"1,001",669.72,100,
2025-10-03 11:18:51,SPY,669.72,456,669.77,"1,001",669.72,100,
2025-10-03 11:18:52,SPY,669.77,560,669.82,"1,001",669.75,20,
2025-10-03 11:18:54,SPY,669.77,560,669.82,"1,001",669.75,20,
2025-10-03 11:18:55,SPY,669.77,560,669.82,"1,001",669.75,20,
2025-10-03 11:18:56,SPY,669.77,560,669.82,"1,001",669.75,20,
2025-10-03 11:18:57,SPY,669.77,560,669.82,"1,001",669.75,20,
2025-10-03 11:18:58,SPY,669.79,270,669.84,201,669.79,400,
2025-10-03 11:18:59,SPY,669.79,270,669.84,201,669.79,400,
2025-10-03 11:19:00,SPY,669.79,270,669.84,201,669.79,400,
2025-10-03 11:19:01,SPY,669.79,270,669.84,201,669.79,400,
2025-10-03 11:19:02,SPY,669.79,270,669.84,201,669.79,400,
2025-10-03 11:19:04,SPY,669.79,270,669.84,201,669.79,400,
2025-10-03 11:19:05,SPY,669.82,570,669.87,"1,361",669.80,70,
2025-10-03 11:19:06,SPY,669.82,570,669.87,"1,361",669.80,70,
2025-10-03 11:19:07,SPY,669.82,570,669.87,"1,361",669.80,70,
2025-10-03 11:19:08,SPY,669.82,570,669.87,"1,361",669.80,70,
2025-10-03 11:19:09,SPY,669.82,570,669.87,"1,361",669.80,70,
2025-10-03 11:19:10,SPY,669.79,400,669.84,283,669.78,99,
2025-10-03 11:19:11,SPY,669.79,400,669.84,283,669.78,99,
2025-10-03 11:19:12,SPY,669.79,400,669.84,283,669.78,99,
2025-10-03 11:19:14,SPY,669.79,400,669.84,283,669.78,99,
2025-10-03 11:19:15,SPY,669.79,400,669.84,283,669.78,99,
2025-10-03 11:19:16,SPY,669.82,470,669.87,"1,000",669.80,25,
2025-10-03 11:19:17,SPY,669.82,470,669.87,"1,000",669.80,25,
2025-10-03 11:19:18,SPY,669.82,470,669.87,"1,000",669.80,25,
2025-10-03 11:19:19,SPY,669.82,470,669.87,"1,000",669.80,25,
2025-10-03 11:19:20,SPY,669.82,470,669.87,"1,000",669.80,25,
2025-10-03 11:19:21,SPY,669.82,470,669.87,"1,000",669.80,25,
2025-10-03 11:19:22,SPY,669.86,660,669.91,115,669.86,57,
2025-10-03 11:19:24,SPY,669.86,660,669.91,115,669.86,57,
2025-10-03 11:19:25,SPY,669.86,660,669.91,115,669.86,57,
2025-10-03 11:19:26,SPY,669.86,660,669.91,115,669.86,57,
2025-10-03 11:19:27,SPY,669.86,660,669.91,115,669.86,57,
2025-10-03 11:19:28,SPY,669.85,360,669.90,300,669.86,100,
2025-10-03 11:19:29,SPY,669.85,360,669.90,300,669.86,100,
2025-10-03 11:19:30,SPY,669.85,360,669.90,300,669.86,100,
2025-10-03 11:19:31,SPY,669.85,360,669.90,300,669.86,100,
2025-10-03 11:19:32,SPY,669.85,360,669.90,300,669.86,100,
2025-10-03 11:19:34,SPY,669.85,360,669.90,300,669.86,100,
2025-10-03 11:19:35,SPY,669.86,550,669.92,201,669.87,1,
2025-10-03 11:19:36,SPY,669.86,550,669.92,201,669.87,1,
2025-10-03 11:19:37,SPY,669.86,550,669.92,201,669.87,1,
2025-10-03 11:19:38,SPY,669.86,550,669.92,201,669.87,1,
2025-10-03 11:19:39,SPY,669.86,550,669.92,201,669.87,1,
2025-10-03 11:19:40,SPY,669.91,350,669.96,286,669.91,100,
2025-10-03 11:19:41,SPY,669.91,350,669.96,286,669.91,100,
2025-10-03 11:19:42,SPY,669.91,350,669.96,286,669.91,100,
2025-10-03 11:19:44,SPY,669.91,350,669.96,286,669.91,100,
2025-10-03 11:19:45,SPY,669.91,350,669.96,286,669.91,100,
2025-10-03 11:19:46,SPY,669.99,450,670.04,281,669.95,1,
2025-10-03 11:19:47,SPY,669.99,450,670.04,281,669.95,1,
2025-10-03 11:19:48,SPY,669.99,450,670.04,281,669.95,1,
2025-10-03 11:19:49,SPY,669.99,450,670.04,281,669.95,1,
2025-10-03 11:19:50,SPY,669.99,450,670.04,281,669.95,1,
2025-10-03 11:19:51,SPY,669.99,450,670.04,281,669.95,1,
2025-10-03 11:19:52,SPY,669.98,450,670.03,300,669.98,200,
2025-10-03 11:19:54,SPY,669.98,450,670.03,300,669.98,200,
2025-10-03 11:19:55,SPY,669.98,450,670.03,300,669.98,200,
2025-10-03 11:19:56,SPY,669.98,450,670.03,300,669.98,200,
2025-10-03 11:19:57,SPY,669.98,450,670.03,300,669.98,200,
2025-10-03 11:19:58,SPY,669.99,560,670.04,"1,001",670.00,100,
2025-10-03 11:19:59,SPY,669.99,560,670.04,"1,001",670.00,100,
2025-10-03 11:20:00,SPY,669.99,560,670.04,"1,001",670.00,100,
2025-10-03 11:20:01,SPY,669.99,560,670.04,"1,001",670.00,100,
2025-10-03 11:20:02,SPY,669.99,560,670.04,"1,001",670.00,100,
2025-10-03 11:20:04,SPY,669.99,560,670.04,"1,001",669.98,33,
2025-10-03 11:20:05,SPY,669.99,760,670.04,"1,077",669.98,33,
2025-10-03 11:20:06,SPY,669.99,760,670.04,"1,077",669.98,33,
2025-10-03 11:20:07,SPY,669.99,760,670.04,"1,077",669.98,33,
2025-10-03 11:20:08,SPY,669.99,760,670.04,"1,077",669.98,33,
2025-10-03 11:20:09,SPY,669.99,760,670.04,"1,077",669.98,33,
2025-10-03 11:20:10,SPY,670.09,527,670.14,"1,177",670.05,100,
2025-10-03 11:20:11,SPY,670.09,527,670.14,"1,177",670.05,100,
2025-10-03 11:20:13,SPY,670.09,527,670.14,"1,177",670.05,100,
2025-10-03 11:20:14,SPY,670.09,527,670.14,"1,177",670.05,100,
2025-10-03 11:20:15,SPY,670.09,527,670.14,"1,177",670.05,100,
2025-10-03 11:20:16,SPY,670.03,450,670.08,450,670.06,100,
2025-10-03 11:20:17,SPY,670.03,450,670.08,450,670.06,100,
2025-10-03 11:20:18,SPY,670.03,450,670.08,450,670.06,100,
2025-10-03 11:20:19,SPY,670.03,450,670.08,450,670.06,100,
2025-10-03 11:20:20,SPY,670.03,450,670.08,450,670.06,100,
2025-10-03 11:20:21,SPY,670.03,450,670.08,450,670.06,100,
2025-10-03 11:20:23,SPY,670.01,550,670.06,350,670.04,100,
2025-10-03 11:20:24,SPY,670.01,550,670.06,350,670.04,100,
2025-10-03 11:20:25,SPY,670.01,550,670.06,350,670.04,100,
2025-10-03 11:20:26,SPY,670.01,550,670.06,350,670.04,100,
2025-10-03 11:20:27,SPY,670.01,550,670.06,350,670.04,100,
2025-10-03 11:20:28,SPY,670.03,460,670.08,450,670.02,100,
2025-10-03 11:20:29,SPY,670.03,460,670.08,450,670.02,100,
2025-10-03 11:20:30,SPY,670.03,460,670.08,450,670.02,100,
2025-10-03 11:20:31,SPY,670.03,460,670.08,450,670.02,100,
2025-10-03 11:20:33,SPY,670.03,460,670.08,450,670.02,100,
2025-10-03 11:20:34,SPY,669.94,450,669.99,"1,161",670.02,50,
2025-10-03 11:20:35,SPY,669.94,450,669.99,"1,161",670.02,50,
2025-10-03 11:20:36,SPY,669.94,450,669.99,"1,161",670.02,50,
2025-10-03 11:20:37,SPY,669.94,450,669.99,"1,161",670.02,50,
2025-10-03 11:20:38,SPY,669.94,450,669.99,"1,161",670.02,50,
2025-10-03 11:20:39,SPY,669.94,450,669.99,"1,161",670.02,50,
2025-10-03 11:20:40,SPY,669.78,"1,270",669.83,487,669.94,7,
2025-10-03 11:20:41,SPY,669.78,"1,270",669.83,487,669.94,7,
2025-10-03 11:20:43,SPY,669.78,"1,270",669.83,487,669.94,7,
2025-10-03 11:20:44,SPY,669.78,"1,270",669.83,487,669.94,7,
2025-10-03 11:20:45,SPY,669.78,"1,270",669.83,487,669.94,7,
2025-10-03 11:20:46,SPY,669.82,670,669.87,343,669.79,83,
2025-10-03 11:20:47,SPY,669.82,670,669.87,343,669.79,83,
2025-10-03 11:20:48,SPY,669.82,670,669.87,343,669.79,83,
2025-10-03 11:20:49,SPY,669.82,670,669.87,343,669.79,83,
2025-10-03 11:20:50,SPY,669.82,670,669.87,343,669.79,83,
2025-10-03 11:20:52,SPY,669.82,670,669.87,343,669.79,83,
2025-10-03 11:20:53,SPY,669.79,360,669.84,"1,441",669.82,70,
2025-10-03 11:20:54,SPY,669.79,360,669.84,"1,441",669.82,70,
2025-10-03 11:20:55,SPY,669.79,360,669.84,"1,441",669.82,70,
2025-10-03 11:20:56,SPY,669.79,360,669.84,"1,441",669.82,70,
2025-10-03 11:20:57,SPY,669.79,360,669.84,"1,441",669.82,70,
2025-10-03 11:20:58,SPY,669.76,660,669.81,550,669.78,1,
2025-10-03 11:20:59,SPY,669.76,660,669.81,550,669.78,1,
2025-10-03 11:21:00,SPY,669.76,660,669.81,550,669.78,1,
2025-10-03 11:21:02,SPY,669.76,660,669.81,550,669.78,1,
2025-10-03 11:21:03,SPY,669.76,660,669.81,550,669.78,1,
2025-10-03 11:21:04,SPY,669.86,360,669.91,490,669.77,87,
2025-10-03 11:21:05,SPY,669.86,360,669.91,490,669.77,87,
2025-10-03 11:21:06,SPY,669.86,360,669.91,490,669.77,87,
2025-10-03 11:21:07,SPY,669.86,360,669.91,490,669.77,87,
2025-10-03 11:21:08,SPY,669.86,360,669.91,490,669.77,87,
2025-10-03 11:21:09,SPY,669.86,360,669.91,490,669.77,87,
2025-10-03 11:21:11,SPY,669.80,"1,760",669.86,380,669.86,193,
2025-10-03 11:21:12,SPY,669.80,"1,760",669.86,380,669.86,193,
2025-10-03 11:21:13,SPY,669.80,"1,760",669.86,380,669.86,193,
2025-10-03 11:21:14,SPY,669.80,"1,760",669.86,380,669.86,193,
2025-10-03 11:21:15,SPY,669.80,"1,760",669.86,380,669.86,193,
2025-10-03 11:21:16,SPY,669.9000,"1,470",669.9800,300,669.8000,60,
2025-10-03 11:21:17,SPY,669.9000,"1,470",669.9800,300,669.8000,60,
2025-10-03 11:21:18,SPY,669.9000,"1,470",669.9800,300,669.8000,60,
2025-10-03 11:21:19,SPY,669.9000,"1,470",669.9800,300,669.8000,60,
2025-10-03 11:21:21,SPY,669.9000,"1,470",669.9800,300,669.8000,60,
2025-10-03 11:21:22,SPY,669.93,360,669.98,387,669.90,70,
2025-10-03 11:21:23,SPY,669.93,360,669.98,387,669.90,70,
2025-10-03 11:21:24,SPY,669.93,360,669.98,387,669.90,70,
2025-10-03 11:21:25,SPY,669.93,360,669.98,387,669.90,70,
2025-10-03 11:21:26,SPY,669.93,360,669.98,387,669.90,70,
2025-10-03 11:21:27,SPY,669.93,360,669.98,387,669.90,70,
2025-10-03 11:21:28,SPY,669.99,360,670.05,200,669.93,20,
2025-10-03 11:21:29,SPY,669.99,360,670.05,200,669.93,20,
2025-10-03 11:21:31,SPY,669.99,360,670.05,200,669.93,20,
2025-10-03 11:21:32,SPY,669.99,360,670.05,200,669.93,20,
2025-10-03 11:21:33,SPY,669.99,360,670.05,200,669.93,20,
2025-10-03 11:21:34,SPY,669.94,460,669.99,411,669.97,100,
2025-10-03 11:21:35,SPY,669.94,460,669.99,411,669.97,100,
2025-10-03 11:21:36,SPY,669.94,460,669.99,411,669.97,100,
2025-10-03 11:21:37,SPY,669.94,460,669.99,411,669.97,100,
2025-10-03 11:21:38,SPY,669.94,460,669.99,411,669.97,100,
2025-10-03 11:21:40,SPY,669.94,460,669.99,411,669.97,100,
2025-10-03 11:21:41,SPY,669.91,560,669.96,"1,060",669.95,1,
2025-10-03 11:21:42,SPY,669.91,560,669.96,"1,060",669.95,1,
2025-10-03 11:21:43,SPY,669.91,560,669.96,"1,060",669.95,1,
2025-10-03 11:21:44,SPY,669.91,560,669.96,"1,060",669.95,1,
2025-10-03 11:21:45,SPY,669.91,560,669.96,"1,060",669.95,1,
2025-10-03 11:21:46,SPY,669.95,"1,160",670.00,400,669.92,20,
2025-10-03 11:21:47,SPY,669.95,"1,160",670.00,400,669.92,20,
2025-10-03 11:21:48,SPY,669.95,"1,160",670.00,400,669.92,20,
2025-10-03 11:21:50,SPY,669.95,"1,160",670.00,400,669.92,20,
2025-10-03 11:21:51,SPY,669.95,"1,160",670.00,400,669.92,20,
2025-10-03 11:21:52,SPY,669.98,100,670.04,201,669.97,50,
2025-10-03 11:21:53,SPY,669.98,100,670.04,201,669.97,50,
2025-10-03 11:21:54,SPY,669.98,100,670.04,201,669.97,50,
2025-10-03 11:21:55,SPY,669.98,100,670.04,201,669.97,50,
2025-10-03 11:21:56,SPY,669.98,100,670.04,201,669.97,50,
2025-10-03 11:21:57,SPY,669.98,100,670.04,201,669.97,50,
2025-10-03 11:21:58,SPY,670.0000,"1,150",670.0700,101,670.0000,20,
2025-10-03 11:22:00,SPY,670.0000,"1,150",670.0700,101,670.0000,20,
2025-10-03 11:22:01,SPY,670.0000,"1,150",670.0700,101,670.0000,20,
2025-10-03 11:22:02,SPY,670.0000,"1,150",670.0700,101,670.0000,20,
2025-10-03 11:22:03,SPY,670.0000,"1,150",670.0700,101,670.0000,20,
2025-10-03 11:22:04,SPY,670.03,370,670.09,201,670.03,100,
2025-10-03 11:22:05,SPY,670.03,370,670.09,201,670.03,100,
2025-10-03 11:22:06,SPY,670.03,370,670.09,201,670.03,100,
2025-10-03 11:22:07,SPY,670.03,370,670.09,201,670.03,100,
2025-10-03 11:22:08,SPY,670.03,370,670.09,201,670.03,100,
2025-10-03 11:22:10,SPY,670.03,370,670.09,201,670.03,100,
2025-10-03 11:22:11,SPY,670.04,669,670.10,393,670.00,93,
2025-10-03 11:22:12,SPY,670.04,669,670.10,393,670.00,93,
2025-10-03 11:22:13,SPY,670.04,669,670.10,393,670.00,93,
2025-10-03 11:22:14,SPY,670.04,669,670.10,393,670.00,93,
2025-10-03 11:22:15,SPY,670.04,669,670.10,393,670.00,93,
2025-10-03 11:22:16,SPY,670.07,400,670.12,301,670.07,20,
2025-10-03 11:22:17,SPY,670.07,400,670.12,301,670.07,20,
2025-10-03 11:22:18,SPY,670.07,400,670.12,301,670.07,20,
2025-10-03 11:22:20,SPY,670.07,400,670.12,301,670.07,20,
2025-10-03 11:22:21,SPY,670.07,400,670.12,301,670.07,20,
2025-10-03 11:22:22,SPY,670.20,570,670.25,400,670.13,100,
2025-10-03 11:22:23,SPY,670.20,570,670.25,400,670.13,100,
2025-10-03 11:22:24,SPY,670.20,570,670.25,400,670.13,100,
2025-10-03 11:22:25,SPY,670.20,570,670.25,400,670.13,100,
2025-10-03 11:22:26,SPY,670.20,570,670.25,400,670.13,100,
2025-10-03 11:22:27,SPY,670.20,570,670.25,400,670.13,100,
2025-10-03 11:22:28,SPY,670.24,460,670.29,460,670.27,55,
2025-10-03 11:22:30,SPY,670.24,460,670.29,460,670.27,55,
2025-10-03 11:22:31,SPY,670.24,460,670.29,460,670.27,55,
2025-10-03 11:22:32,SPY,670.24,460,670.29,460,670.27,55,
2025-10-03 11:22:33,SPY,670.24,460,670.29,460,670.27,55,
2025-10-03 11:22:34,SPY,670.20,760,670.26,100,670.22,60,
2025-10-03 11:22:35,SPY,670.20,760,670.26,100,670.22,60,
2025-10-03 11:22:36,SPY,670.20,760,670.26,100,670.22,60,
2025-10-03 11:22:37,SPY,670.20,760,670.26,100,670.22,60,
2025-10-03 11:22:39,SPY,670.20,760,670.26,100,670.22,60,
2025-10-03 11:22:40,SPY,670.22,200,670.27,401,670.25,3,
2025-10-03 11:22:41,SPY,670.22,200,670.27,401,670.25,3,
2025-10-03 11:22:42,SPY,670.22,200,670.27,401,670.25,3,
2025-10-03 11:22:43,SPY,670.22,200,670.27,401,670.25,3,
2025-10-03 11:22:44,SPY,670.22,200,670.27,401,670.25,3,
2025-10-03 11:22:45,SPY,670.22,200,670.27,401,670.25,3,
2025-10-03 11:22:46,SPY,670.21,570,670.26,"1,380",670.23,100,
2025-10-03 11:22:47,SPY,670.21,570,670.26,"1,380",670.23,100,
2025-10-03 11:22:49,SPY,670.21,570,670.26,"1,380",670.23,100,
2025-10-03 11:22:50,SPY,670.21,570,670.26,"1,380",670.23,100,
2025-10-03 11:22:51,SPY,670.21,570,670.26,"1,380",670.23,100,
2025-10-03 11:22:52,SPY,670.2300,570,670.2800,"1,100",670.2000,92,
2025-10-03 11:22:53,SPY,670.2300,570,670.2800,"1,100",670.2000,92,
2025-10-03 11:22:54,SPY,670.2300,570,670.2800,"1,100",670.2000,92,
2025-10-03 11:22:55,SPY,670.2300,570,670.2800,"1,100",670.2000,92,
2025-10-03 11:22:56,SPY,670.2300,570,670.2800,"1,100",670.2000,92,
2025-10-03 11:22:57,SPY,670.2300,570,670.2800,"1,100",670.2000,92,
2025-10-03 11:22:59,SPY,670.25,360,670.34,200,670.24,1,
2025-10-03 11:23:00,SPY,670.25,360,670.34,200,670.24,1,
2025-10-03 11:23:01,SPY,670.25,360,670.34,200,670.24,1,
2025-10-03 11:23:02,SPY,670.25,360,670.34,200,670.24,1,
2025-10-03 11:23:03,SPY,670.25,360,670.34,200,670.24,1,
2025-10-03 11:23:04,SPY,670.26,370,670.31,220,670.27,40,
2025-10-03 11:23:05,SPY,670.26,370,670.31,220,670.27,40,
2025-10-03 11:23:06,SPY,670.26,370,670.31,220,670.27,40,
2025-10-03 11:23:07,SPY,670.26,370,670.31,220,670.27,40,
2025-10-03 11:23:09,SPY,670.26,370,670.31,220,670.27,40,
2025-10-03 11:23:10,SPY,670.26,370,670.31,220,670.27,30,
2025-10-03 11:23:11,SPY,670.25,570,670.30,400,670.25,30,
2025-10-03 11:23:12,SPY,670.25,570,670.30,400,670.25,30,
2025-10-03 11:23:13,SPY,670.25,570,670.30,400,670.25,30,
2025-10-03 11:23:14,SPY,670.25,570,670.30,400,670.25,30,
2025-10-03 11:23:15,SPY,670.25,570,670.30,400,670.25,30,
2025-10-03 11:23:16,SPY,670.20,360,670.25,725,670.24,92,
2025-10-03 11:23:17,SPY,670.20,360,670.25,725,670.24,92,
2025-10-03 11:23:19,SPY,670.20,360,670.25,725,670.24,92,
2025-10-03 11:23:20,SPY,670.20,360,670.25,725,670.24,92,
2025-10-03 11:23:21,SPY,670.20,360,670.25,725,670.24,92,
2025-10-03 11:23:22,SPY,670.11,450,670.16,"1,260",670.18,100,
2025-10-03 11:23:23,SPY,670.11,450,670.16,"1,260",670.18,100,
2025-10-03 11:23:24,SPY,670.11,450,670.16,"1,260",670.18,100,
2025-10-03 11:23:25,SPY,670.11,450,670.16,"1,260",670.18,100,
2025-10-03 11:23:26,SPY,670.11,450,670.16,"1,260",670.18,100,
2025-10-03 11:23:27,SPY,670.11,450,670.16,"1,260",670.18,100,
2025-10-03 11:23:29,SPY,670.10,870,670.15,560,670.12,55,
2025-10-03 11:23:30,SPY,670.10,870,670.15,560,670.12,55,
2025-10-03 11:23:31,SPY,670.10,870,670.15,560,670.12,55,
2025-10-03 11:23:32,SPY,670.10,870,670.15,560,670.12,55,
2025-10-03 11:23:33,SPY,670.10,870,670.15,560,670.12,55,
2025-10-03 11:23:34,SPY,670.13,550,670.18,220,670.07,50,
2025-10-03 11:23:35,SPY,670.13,550,670.18,220,670.07,50,
2025-10-03 11:23:36,SPY,670.13,550,670.18,220,670.07,50,
2025-10-03 11:23:38,SPY,670.13,550,670.18,220,670.07,50,
2025-10-03 11:23:39,SPY,670.13,550,670.18,220,670.07,50,
2025-10-03 11:23:40,SPY,670.14,260,670.19,321,670.13,1,
2025-10-03 11:23:41,SPY,670.14,260,670.19,321,670.13,1,
2025-10-03 11:23:42,SPY,670.14,260,670.19,321,670.13,1,
2025-10-03 11:23:43,SPY,670.14,260,670.19,321,670.13,1,
2025-10-03 11:23:44,SPY,670.14,260,670.19,321,670.13,1,
2025-10-03 11:23:45,SPY,670.14,260,670.19,321,670.13,1,
2025-10-03 11:23:46,SPY,670.19,560,670.24,"1,020",670.19,1,
2025-10-03 11:23:48,SPY,670.19,560,670.24,"1,020",670.19,1,
2025-10-03 11:23:49,SPY,670.19,560,670.24,"1,020",670.19,1,
2025-10-03 11:23:50,SPY,670.19,560,670.24,"1,020",670.19,1,
2025-10-03 11:23:51,SPY,670.19,560,670.24,"1,020",670.19,1,
2025-10-03 11:23:52,SPY,670.19,150,670.24,"1,021",670.21,100,
2025-10-03 11:23:53,SPY,670.19,150,670.24,"1,021",670.21,100,
2025-10-03 11:23:54,SPY,670.19,150,670.24,"1,021",670.21,100,
2025-10-03 11:23:55,SPY,670.19,150,670.24,"1,021",670.21,100,
2025-10-03 11:23:56,SPY,670.19,150,670.24,"1,021",670.21,100,
2025-10-03 11:23:58,SPY,670.19,150,670.24,"1,021",670.21,100,
2025-10-03 11:23:59,SPY,670.1600,460,670.2100,"1,250",670.1700,579,
2025-10-03 11:24:00,SPY,670.1600,460,670.2100,"1,250",670.1700,579,
2025-10-03 11:24:01,SPY,670.1600,460,670.2100,"1,250",670.1700,579,
2025-10-03 11:24:02,SPY,670.1600,460,670.2100,"1,250",670.1700,579,
2025-10-03 11:24:03,SPY,670.1600,460,670.2100,"1,250",670.1700,579,
2025-10-03 11:24:04,SPY,670.1500,"1,567",670.2000,501,670.1500,100,
2025-10-03 11:24:05,SPY,670.1500,"1,567",670.2000,501,670.1500,100,
2025-10-03 11:24:06,SPY,670.1500,"1,567",670.2000,501,670.1500,100,
2025-10-03 11:24:08,SPY,670.1500,"1,567",670.2000,501,670.1500,100,
2025-10-03 11:24:09,SPY,670.1500,"1,567",670.2000,501,670.1500,100,
2025-10-03 11:24:10,SPY,670.1500,"1,567",670.2000,100,670.17,1,
2025-10-03 11:24:11,SPY,670.19,400,670.27,100,670.17,1,
2025-10-03 11:24:12,SPY,670.19,400,670.27,100,670.17,1,
2025-10-03 11:24:13,SPY,670.19,400,670.27,100,670.17,1,
2025-10-03 11:24:14,SPY,670.19,400,670.27,100,670.17,1,
2025-10-03 11:24:15,SPY,670.19,400,670.27,100,670.17,1,
2025-10-03 11:24:16,SPY,670.12,500,670.17,101,670.12,100,
2025-10-03 11:24:18,SPY,670.12,500,670.17,101,670.12,100,
2025-10-03 11:24:19,SPY,670.12,500,670.17,101,670.12,100,
2025-10-03 11:24:20,SPY,670.12,500,670.17,101,670.12,100,
2025-10-03 11:24:21,SPY,670.12,500,670.17,101,670.12,100,
2025-10-03 11:24:22,SPY,670.12,384,670.17,101,670.12,4,
2025-10-03 11:24:23,SPY,670.12,384,670.17,101,670.12,4,
2025-10-03 11:24:24,SPY,670.12,384,670.17,101,670.12,4,
2025-10-03 11:24:25,SPY,670.12,384,670.17,101,670.12,4,
2025-10-03 11:24:27,SPY,670.12,384,670.17,101,670.12,4,
2025-10-03 11:24:28,SPY,670.17,570,670.22,321,670.18,1,
2025-10-03 11:24:29,SPY,670.17,570,670.22,321,670.18,1,
2025-10-03 11:24:30,SPY,670.17,570,670.22,321,670.18,1,
2025-10-03 11:24:31,SPY,670.17,570,670.22,321,670.18,1,
2025-10-03 11:24:32,SPY,670.17,570,670.22,321,670.18,1,
2025-10-03 11:24:33,SPY,670.17,570,670.22,321,670.18,1,
2025-10-03 11:24:34,SPY,670.15,470,670.20,100,670.15,1,
2025-10-03 11:24:35,SPY,670.15,470,670.20,100,670.15,1,
2025-10-03 11:24:37,SPY,670.15,470,670.20,100,670.15,1,
2025-10-03 11:24:38,SPY,670.15,470,670.20,100,670.15,1,
2025-10-03 11:24:39,SPY,670.15,470,670.20,100,670.15,1,
2025-10-03 11:24:40,SPY,670.12,445,670.17,479,670.13,85,
2025-10-03 11:24:41,SPY,670.12,445,670.17,479,670.13,85,
2025-10-03 11:24:42,SPY,670.12,445,670.17,479,670.13,85,
2025-10-03 11:24:43,SPY,670.12,445,670.17,479,670.13,85,
2025-10-03 11:24:44,SPY,670.12,445,670.17,479,670.13,85,
2025-10-03 11:24:45,SPY,670.12,445,670.17,479,670.13,85,
2025-10-03 11:24:47,SPY,670.18,470,670.23,570,670.20,46,
2025-10-03 11:24:48,SPY,670.18,470,670.23,570,670.20,46,
2025-10-03 11:24:49,SPY,670.18,470,670.23,570,670.20,46,
2025-10-03 11:24:50,SPY,670.18,470,670.23,570,670.20,46,
2025-10-03 11:24:51,SPY,670.18,470,670.23,570,670.20,46,
2025-10-03 11:24:52,SPY,670.2000,360,670.2500,200,670.1800,100,
2025-10-03 11:24:53,SPY,670.2000,360,670.2500,200,670.1800,100,
2025-10-03 11:24:54,SPY,670.2000,360,670.2500,200,670.1800,100,
2025-10-03 11:24:55,SPY,670.2000,360,670.2500,200,670.1800,100,
2025-10-03 11:24:57,SPY,670.2000,360,670.2500,200,670.1800,100,
2025-10-03 11:24:58,SPY,670.2000,360,670.2500,"1,270",670.23,100,
2025-10-03 11:24:59,SPY,670.21,470,670.26,"1,270",670.23,100,
2025-10-03 11:25:00,SPY,670.21,470,670.26,"1,270",670.23,100,
2025-10-03 11:25:01,SPY,670.21,470,670.26,"1,270",670.23,100,
2025-10-03 11:25:02,SPY,670.21,470,670.26,"1,270",670.23,100,
2025-10-03 11:25:03,SPY,670.21,470,670.26,"1,270",670.23,100,
2025-10-03 11:25:04,SPY,670.3000,400,670.3500,120,670.2800,6,
2025-10-03 11:25:05,SPY,670.3000,400,670.3500,120,670.2800,6,
2025-10-03 11:25:07,SPY,670.3000,400,670.3500,120,670.2800,6,
2025-10-03 11:25:08,SPY,670.3000,400,670.3500,120,670.2800,6,
2025-10-03 11:25:09,SPY,670.3000,400,670.3500,120,670.2800,6,
2025-10-03 11:25:10,SPY,670.28,460,670.33,100,670.30,9,
2025-10-03 11:25:11,SPY,670.28,460,670.33,100,670.30,9,
2025-10-03 11:25:12,SPY,670.28,460,670.33,100,670.30,9,
2025-10-03 11:25:13,SPY,670.28,460,670.33,100,670.30,9,
2025-10-03 11:25:14,SPY,670.28,460,670.33,100,670.30,9,
2025-10-03 11:25:15,SPY,670.28,460,670.33,100,670.30,9,
2025-10-03 11:25:17,SPY,670.24,300,670.30,370,670.30,9,
2025-10-03 11:25:18,SPY,670.24,300,670.30,370,670.30,9,
2025-10-03 11:25:19,SPY,670.24,300,670.30,370,670.30,9,
2025-10-03 11:25:20,SPY,670.24,300,670.30,370,670.30,9,
2025-10-03 11:25:21,SPY,670.24,300,670.30,370,670.30,9,
2025-10-03 11:25:22,SPY,670.22,360,670.27,101,670.24,60,
2025-10-03 11:25:23,SPY,670.22,360,670.27,101,670.24,60,
2025-10-03 11:25:24,SPY,670.22,360,670.27,101,670.24,60,
2025-10-03 11:25:25,SPY,670.22,360,670.27,101,670.24,60,
2025-10-03 11:25:27,SPY,670.22,360,670.27,101,670.24,60,
2025-10-03 11:25:28,SPY,670.22,360,670.27,101,670.26,100,
2025-10-03 11:25:29,SPY,670.27,160,670.32,1,670.26,100,
2025-10-03 11:25:30,SPY,670.27,160,670.32,1,670.26,100,
2025-10-03 11:25:31,SPY,670.27,160,670.32,1,670.26,100,
2025-10-03 11:25:32,SPY,670.27,160,670.32,1,670.26,100,
2025-10-03 11:25:33,SPY,670.27,160,670.32,1,670.26,100,
2025-10-03 11:25:34,SPY,670.26,360,670.31,100,670.20,1,
2025-10-03 11:25:35,SPY,670.26,360,670.31,100,670.20,1,
2025-10-03 11:25:37,SPY,670.26,360,670.31,100,670.20,1,
2025-10-03 11:25:38,SPY,670.26,360,670.31,100,670.20,1,
2025-10-03 11:25:39,SPY,670.26,360,670.31,100,670.20,1,
2025-10-03 11:25:40,SPY,670.19,360,670.24,"1,161",670.27,1,
2025-10-03 11:25:41,SPY,670.19,360,670.24,"1,161",670.27,1,
2025-10-03 11:25:42,SPY,670.19,360,670.24,"1,161",670.27,1,
2025-10-03 11:25:43,SPY,670.19,360,670.24,"1,161",670.27,1,
2025-10-03 11:25:44,SPY,670.19,360,670.24,"1,161",670.27,1,
2025-10-03 11:25:45,SPY,670.19,360,670.24,"1,161",670.27,1,
2025-10-03 11:25:47,SPY,670.2500,560,670.3200,20,670.2000,1,
2025-10-03 11:25:48,SPY,670.2500,560,670.3200,20,670.2000,1,
2025-10-03 11:25:49,SPY,670.2500,560,670.3200,20,670.2000,1,
2025-10-03 11:25:50,SPY,670.2500,560,670.3200,20,670.2000,1,
2025-10-03 11:25:51,SPY,670.2500,560,670.3200,20,670.2000,1,
2025-10-03 11:25:52,SPY,670.2600,407,670.3200,1,670.2600,100,
2025-10-03 11:25:53,SPY,670.2600,407,670.3200,1,670.2600,100,
2025-10-03 11:25:54,SPY,670.2600,407,670.3200,1,670.2600,100,
2025-10-03 11:25:55,SPY,670.2600,407,670.3200,1,670.2600,100,
2025-10-03 11:25:57,SPY,670.2600,407,670.3200,1,670.2600,100,
2025-10-03 11:25:58,SPY,670.26,260,670.31,"1,000",670.25,1,
2025-10-03 11:25:59,SPY,670.26,260,670.31,"1,000",670.25,1,
2025-10-03 11:26:00,SPY,670.26,260,670.31,"1,000",670.25,1,
2025-10-03 11:26:01,SPY,670.26,260,670.31,"1,000",670.25,1,
2025-10-03 11:26:02,SPY,670.26,260,670.31,"1,000",670.25,1,
2025-10-03 11:26:03,SPY,670.26,260,670.31,"1,000",670.25,1,
2025-10-03 11:26:04,SPY,670.2400,460,670.3100,20,670.2500,23,
2025-10-03 11:26:05,SPY,670.2400,460,670.3100,20,670.2500,23,
2025-10-03 11:26:07,SPY,670.2400,460,670.3100,20,670.2500,23,
2025-10-03 11:26:08,SPY,670.2400,460,670.3100,20,670.2500,23,
2025-10-03 11:26:09,SPY,670.2400,460,670.3100,20,670.2500,23,
2025-10-03 11:26:10,SPY,670.19,440,670.24,"1,101",670.20,60,
2025-10-03 11:26:11,SPY,670.19,440,670.24,"1,101",670.20,60,
2025-10-03 11:26:12,SPY,670.19,440,670.24,"1,101",670.20,60,
2025-10-03 11:26:13,SPY,670.19,440,670.24,"1,101",670.20,60,
2025-10-03 11:26:14,SPY,670.19,440,670.24,"1,101",670.20,60,
2025-10-03 11:26:15,SPY,670.19,440,670.24,"1,101",670.20,60,
2025-10-03 11:26:17,SPY,670.29,560,670.35,20,670.20,100,
2025-10-03 11:26:18,SPY,670.29,560,670.35,20,670.20,100,
2025-10-03 11:26:19,SPY,670.29,560,670.35,20,670.20,100,
2025-10-03 11:26:20,SPY,670.29,560,670.35,20,670.20,100,
2025-10-03 11:26:21,SPY,670.29,560,670.35,20,670.20,100,
2025-10-03 11:26:22,SPY,670.29,560,670.35,20,670.20,100,
2025-10-03 11:26:23,SPY,670.29,560,670.35,20,670.20,100,
2025-10-03 11:26:24,SPY,670.29,560,670.35,20,670.20,100,
2025-10-03 11:26:26,SPY,670.29,560,670.35,20,670.20,100,
2025-10-03 11:26:27,SPY,670.29,560,670.35,20,670.20,100,
2025-10-03 11:26:28,SPY,670.39,460,670.44,121,670.39,3,
2025-10-03 11:26:29,SPY,670.39,460,670.44,121,670.39,3,
2025-10-03 11:26:30,SPY,670.39,460,670.44,121,670.39,3,
2025-10-03 11:26:31,SPY,670.39,460,670.44,121,670.39,3,
2025-10-03 11:26:32,SPY,670.39,460,670.44,121,670.39,3,
2025-10-03 11:26:33,SPY,670.39,460,670.44,121,670.39,3,
2025-10-03 11:26:34,SPY,670.36,560,670.41,"1,260",670.38,70,
2025-10-03 11:26:36,SPY,670.36,560,670.41,"1,260",670.38,70,
2025-10-03 11:26:37,SPY,670.36,560,670.41,"1,260",670.38,70,
2025-10-03 11:26:38,SPY,670.36,560,670.41,"1,260",670.38,70,
2025-10-03 11:26:39,SPY,670.36,560,670.41,"1,260",670.38,70,
2025-10-03 11:26:40,SPY,670.34,560,670.39,"1,181",670.34,1,
2025-10-03 11:26:41,SPY,670.34,560,670.39,"1,181",670.34,1,
2025-10-03 11:26:42,SPY,670.34,560,670.39,"1,181",670.34,1,
2025-10-03 11:26:43,SPY,670.34,560,670.39,"1,181",670.34,1,
2025-10-03 11:26:44,SPY,670.34,560,670.39,"1,181",670.34,1,
2025-10-03 11:26:46,SPY,670.34,560,670.39,"1,181",670.34,1,
2025-10-03 11:26:47,SPY,670.38,400,670.43,698,670.40,1,
2025-10-03 11:26:48,SPY,670.38,400,670.43,698,670.40,1,
2025-10-03 11:26:49,SPY,670.38,400,670.43,698,670.40,1,
2025-10-03 11:26:50,SPY,670.38,400,670.43,698,670.40,1,
2025-10-03 11:26:51,SPY,670.38,400,670.43,698,670.40,1,
2025-10-03 11:26:52,SPY,670.41,470,670.47,101,670.40,200,
2025-10-03 11:26:53,SPY,670.41,470,670.47,101,670.40,200,
2025-10-03 11:26:55,SPY,670.41,470,670.47,101,670.40,200,
2025-10-03 11:26:56,SPY,670.41,470,670.47,101,670.40,200,
2025-10-03 11:26:57,SPY,670.41,470,670.47,101,670.40,200,
2025-10-03 11:26:58,SPY,670.47,570,670.52,101,670.41,100,
2025-10-03 11:26:59,SPY,670.47,570,670.52,101,670.41,100,
2025-10-03 11:27:01,SPY,670.47,570,670.52,101,670.41,100,
2025-10-03 11:27:02,SPY,670.47,570,670.52,101,670.41,100,
2025-10-03 11:27:03,SPY,670.47,570,670.52,101,670.41,100,
2025-10-03 11:27:04,SPY,670.66,460,670.71,900,670.57,78,
2025-10-03 11:27:05,SPY,670.66,460,670.71,900,670.57,78,
2025-10-03 11:27:06,SPY,670.66,460,670.71,900,670.57,78,
2025-10-03 11:27:07,SPY,670.66,460,670.71,900,670.57,78,
2025-10-03 11:27:08,SPY,670.66,460,670.71,900,670.57,78,
2025-10-03 11:27:10,SPY,670.66,460,670.71,900,670.57,78,
2025-10-03 11:27:11,SPY,670.69,660,670.74,101,670.68,40,
2025-10-03 11:27:12,SPY,670.69,660,670.74,101,670.68,40,
2025-10-03 11:27:13,SPY,670.69,660,670.74,101,670.68,40,
2025-10-03 11:27:14,SPY,670.69,660,670.74,101,670.68,40,
2025-10-03 11:27:15,SPY,670.69,660,670.74,101,670.68,40,
2025-10-03 11:27:16,SPY,670.58,260,670.63,420,670.66,60,
2025-10-03 11:27:17,SPY,670.58,260,670.63,420,670.66,60,
2025-10-03 11:27:19,SPY,670.58,260,670.63,420,670.66,60,
2025-10-03 11:27:20,SPY,670.58,260,670.63,420,670.66,60,
2025-10-03 11:27:21,SPY,670.58,260,670.63,420,670.66,60,
2025-10-03 11:27:22,SPY,670.51,100,670.56,"1,160",670.57,100,
2025-10-03 11:27:23,SPY,670.51,100,670.56,"1,160",670.57,100,
2025-10-03 11:27:24,SPY,670.51,100,670.56,"1,160",670.57,100,
2025-10-03 11:27:25,SPY,670.51,100,670.56,"1,160",670.57,100,
2025-10-03 11:27:26,SPY,670.51,100,670.56,"1,160",670.57,100,
2025-10-03 11:27:28,SPY,670.51,100,670.56,"1,160",670.57,100,
2025-10-03 11:27:29,SPY,670.55,"1,170",670.60,400,670.51,100,
2025-10-03 11:27:30,SPY,670.55,"1,170",670.60,400,670.51,100,
2025-10-03 11:27:31,SPY,670.55,"1,170",670.60,400,670.51,100,
2025-10-03 11:27:32,SPY,670.55,"1,170",670.60,400,670.51,100,
2025-10-03 11:27:33,SPY,670.55,"1,170",670.60,400,670.51,100,
2025-10-03 11:27:34,SPY,670.57,560,670.62,301,670.53,58,
2025-10-03 11:27:35,SPY,670.57,560,670.62,301,670.53,58,
2025-10-03 11:27:37,SPY,670.57,560,670.62,301,670.53,58,
2025-10-03 11:27:38,SPY,670.57,560,670.62,301,670.53,58,
2025-10-03 11:27:39,SPY,670.57,560,670.62,301,670.53,58,
2025-10-03 11:27:40,SPY,670.51,470,670.56,260,670.55,100,
2025-10-03 11:27:41,SPY,670.51,470,670.56,260,670.55,100,
2025-10-03 11:27:42,SPY,670.51,470,670.56,260,670.55,100,
2025-10-03 11:27:43,SPY,670.51,470,670.56,260,670.55,100,
2025-10-03 11:27:44,SPY,670.51,470,670.56,260,670.55,100,
2025-10-03 11:27:46,SPY,670.51,470,670.56,260,670.55,100,
2025-10-03 11:27:47,SPY,670.56,260,670.61,220,670.55,5,
2025-10-03 11:27:48,SPY,670.56,260,670.61,220,670.55,5,
2025-10-03 11:27:49,SPY,670.56,260,670.61,220,670.55,5,
2025-10-03 11:27:50,SPY,670.56,260,670.61,220,670.55,5,
2025-10-03 11:27:51,SPY,670.56,260,670.61,220,670.55,5,
2025-10-03 11:27:52,SPY,670.56,260,670.61,220,670.55,5,
2025-10-03 11:27:53,SPY,670.56,260,670.61,220,670.55,5,
2025-10-03 11:27:55,SPY,670.56,260,670.61,220,670.55,5,
2025-10-03 11:27:56,SPY,670.56,260,670.61,220,670.55,5,
2025-10-03 11:27:57,SPY,670.56,260,670.61,220,670.55,5,
2025-10-03 11:27:58,SPY,670.55,260,670.60,400,670.56,1,
2025-10-03 11:27:59,SPY,670.55,260,670.60,400,670.56,1,
2025-10-03 11:28:00,SPY,670.55,260,670.60,400,670.56,1,
2025-10-03 11:28:01,SPY,670.55,260,670.60,400,670.56,1,
2025-10-03 11:28:02,SPY,670.55,260,670.60,400,670.56,1,
2025-10-03 11:28:04,SPY,670.55,260,670.60,400,670.56,1,
2025-10-03 11:28:05,SPY,670.59,260,670.64,101,670.59,1,
2025-10-03 11:28:06,SPY,670.59,260,670.64,101,670.59,1,
2025-10-03 11:28:07,SPY,670.59,260,670.64,101,670.59,1,
2025-10-03 11:28:08,SPY,670.59,260,670.64,101,670.59,1,
2025-10-03 11:28:09,SPY,670.59,260,670.64,101,670.59,1,
2025-10-03 11:28:10,SPY,670.61,420,670.67,300,670.64,1,
2025-10-03 11:28:11,SPY,670.61,420,670.67,300,670.64,1,
2025-10-03 11:28:13,SPY,670.61,420,670.67,300,670.64,1,
2025-10-03 11:28:14,SPY,670.61,420,670.67,300,670.64,1,
2025-10-03 11:28:15,SPY,670.61,420,670.67,300,670.64,1,
2025-10-03 11:28:16,SPY,670.56,160,670.61,420,670.57,100,
2025-10-03 11:28:17,SPY,670.56,160,670.61,420,670.57,100,
2025-10-03 11:28:18,SPY,670.56,160,670.61,420,670.57,100,
2025-10-03 11:28:19,SPY,670.56,160,670.61,420,670.57,100,
2025-10-03 11:28:20,SPY,670.56,160,670.61,420,670.57,100,
2025-10-03 11:28:21,SPY,670.56,160,670.61,420,670.57,100,
2025-10-03 11:28:23,SPY,670.55,360,670.60,120,670.54,40,
2025-10-03 11:28:24,SPY,670.55,360,670.60,120,670.54,40,
2025-10-03 11:28:25,SPY,670.55,360,670.60,120,670.54,40,
2025-10-03 11:28:26,SPY,670.55,360,670.60,120,670.54,40,
2025-10-03 11:28:27,SPY,670.55,360,670.60,120,670.54,40,
2025-10-03 11:28:28,SPY,670.58,260,670.63,300,670.56,1,
2025-10-03 11:28:29,SPY,670.58,260,670.63,300,670.56,1,
2025-10-03 11:28:30,SPY,670.58,260,670.63,300,670.56,1,
2025-10-03 11:28:32,SPY,670.58,260,670.63,300,670.56,1,
2025-10-03 11:28:33,SPY,670.58,260,670.63,300,670.56,1,
2025-10-03 11:28:34,SPY,670.59,559,670.64,301,670.59,100,
2025-10-03 11:28:35,SPY,670.59,559,670.64,301,670.59,100,
2025-10-03 11:28:36,SPY,670.59,559,670.64,301,670.59,100,
2025-10-03 11:28:37,SPY,670.59,559,670.64,301,670.59,100,
2025-10-03 11:28:38,SPY,670.59,559,670.64,301,670.59,100,
2025-10-03 11:28:39,SPY,670.59,559,670.64,301,670.59,100,
2025-10-03 11:28:41,SPY,670.56,460,670.61,"1,280",670.59,100,
2025-10-03 11:28:42,SPY,670.56,460,670.61,"1,280",670.59,100,
2025-10-03 11:28:43,SPY,670.56,460,670.61,"1,280",670.59,100,
2025-10-03 11:28:44,SPY,670.56,460,670.61,"1,280",670.59,100,
2025-10-03 11:28:45,SPY,670.56,460,670.61,"1,280",670.59,100,
2025-10-03 11:28:46,SPY,670.59,470,670.64,201,670.58,100,
2025-10-03 11:28:47,SPY,670.59,470,670.64,201,670.58,100,
2025-10-03 11:28:48,SPY,670.59,470,670.64,201,670.58,100,
2025-10-03 11:28:50,SPY,670.59,470,670.64,201,670.58,100,
2025-10-03 11:28:51,SPY,670.59,470,670.64,201,670.58,100,
2025-10-03 11:28:52,SPY,670.57,360,670.62,361,670.57,1,
2025-10-03 11:28:53,SPY,670.57,360,670.62,361,670.57,1,
2025-10-03 11:28:54,SPY,670.57,360,670.62,361,670.57,1,
2025-10-03 11:28:55,SPY,670.57,360,670.62,361,670.57,1,
2025-10-03 11:28:56,SPY,670.57,360,670.62,361,670.57,1,
2025-10-03 11:28:57,SPY,670.57,360,670.62,361,670.57,1,
2025-10-03 11:28:59,SPY,670.55,570,670.60,424,670.57,100,
2025-10-03 11:29:00,SPY,670.55,570,670.60,424,670.57,100,
2025-10-03 11:29:01,SPY,670.55,570,670.60,424,670.57,100,
2025-10-03 11:29:02,SPY,670.55,570,670.60,424,670.57,100,
2025-10-03 11:29:03,SPY,670.55,570,670.60,424,670.57,100,
2025-10-03 11:29:04,SPY,670.53,450,670.58,265,670.54,1,
2025-10-03 11:29:05,SPY,670.53,450,670.58,265,670.54,1,
2025-10-03 11:29:06,SPY,670.53,450,670.58,265,670.54,1,
2025-10-03 11:29:08,SPY,670.53,450,670.58,265,670.54,1,
2025-10-03 11:29:09,SPY,670.53,450,670.58,265,670.54,1,
2025-10-03 11:29:10,SPY,670.54,360,670.59,901,670.56,35,
2025-10-03 11:29:11,SPY,670.54,360,670.59,901,670.56,35,
2025-10-03 11:29:12,SPY,670.54,360,670.59,901,670.56,35,
2025-10-03 11:29:13,SPY,670.54,360,670.59,901,670.56,35,
2025-10-03 11:29:14,SPY,670.54,360,670.59,901,670.56,35,
2025-10-03 11:29:15,SPY,670.54,360,670.59,901,670.56,35,
2025-10-03 11:29:16,SPY,670.53,449,670.58,365,670.54,200,
2025-10-03 11:29:18,SPY,670.53,449,670.58,365,670.54,200,
2025-10-03 11:29:19,SPY,670.53,449,670.58,365,670.54,200,
2025-10-03 11:29:20,SPY,670.53,449,670.58,365,670.54,200,
2025-10-03 11:29:21,SPY,670.53,449,670.58,365,670.54,200,
2025-10-03 11:29:22,SPY,670.54,360,670.59,901,670.55,1,
2025-10-03 11:29:23,SPY,670.54,360,670.59,901,670.55,1,
2025-10-03 11:29:24,SPY,670.54,360,670.59,901,670.55,1,
2025-10-03 11:29:25,SPY,670.54,360,670.59,901,670.55,1,
2025-10-03 11:29:27,SPY,670.54,360,670.59,901,670.55,1,
2025-10-03 11:29:28,SPY,670.50,560,670.55,580,670.53,40,
2025-10-03 11:29:29,SPY,670.50,560,670.55,580,670.53,40,
2025-10-03 11:29:30,SPY,670.50,560,670.55,580,670.53,40,
2025-10-03 11:29:31,SPY,670.50,560,670.55,580,670.53,40,
2025-10-03 11:29:32,SPY,670.50,560,670.55,580,670.53,40,
2025-10-03 11:29:33,SPY,670.50,560,670.55,580,670.53,40,
2025-10-03 11:29:34,SPY,670.63,460,670.68,293,670.63,20,
2025-10-03 11:29:36,SPY,670.63,460,670.68,293,670.63,20,
2025-10-03 11:29:37,SPY,670.63,460,670.68,293,670.63,20,
2025-10-03 11:29:38,SPY,670.63,460,670.68,293,670.63,20,
2025-10-03 11:29:39,SPY,670.63,460,670.68,293,670.63,20,
2025-10-03 11:29:40,SPY,670.59,260,670.64,182,670.58,200,
2025-10-03 11:29:41,SPY,670.59,260,670.64,182,670.58,200,
2025-10-03 11:29:42,SPY,670.59,260,670.64,182,670.58,200,
2025-10-03 11:29:43,SPY,670.59,260,670.64,182,670.58,200,
2025-10-03 11:29:44,SPY,670.59,260,670.64,182,670.58,200,
2025-10-03 11:29:46,SPY,670.59,260,670.64,293,670.63,100,
2025-10-03 11:29:47,SPY,670.63,254,670.68,293,670.63,100,
2025-10-03 11:29:48,SPY,670.63,254,670.68,293,670.63,100,
2025-10-03 11:29:49,SPY,670.63,254,670.68,293,670.63,100,
2025-10-03 11:29:50,SPY,670.63,254,670.68,293,670.63,100,
2025-10-03 11:29:51,SPY,670.63,254,670.68,293,670.63,100,
2025-10-03 11:29:52,SPY,670.56,350,670.61,"1,201",670.63,100,
2025-10-03 11:29:53,SPY,670.56,350,670.61,"1,201",670.63,100,
2025-10-03 11:29:55,SPY,670.56,350,670.61,"1,201",670.63,100,
2025-10-03 11:29:56,SPY,670.56,350,670.61,"1,201",670.63,100,
2025-10-03 11:29:57,SPY,670.56,350,670.61,"1,201",670.63,100,
2025-10-03 11:29:58,SPY,670.53,350,670.58,291,670.54,10,
2025-10-03 11:29:59,SPY,670.53,350,670.58,291,670.54,10,
2025-10-03 11:30:00,SPY,670.53,350,670.58,291,670.54,10,
2025-10-03 11:30:01,SPY,670.53,350,670.58,291,670.54,10,
2025-10-03 11:30:02,SPY,670.53,350,670.58,291,670.54,10,
2025-10-03 11:30:04,SPY,670.53,350,670.58,291,670.54,10,
2025-10-03 11:30:05,SPY,670.58,570,670.63,275,670.54,100,
2025-10-03 11:30:06,SPY,670.58,570,670.63,275,670.54,100,
2025-10-03 11:30:07,SPY,670.58,570,670.63,275,670.54,100,
2025-10-03 11:30:08,SPY,670.58,570,670.63,275,670.54,100,
2025-10-03 11:30:09,SPY,670.58,570,670.63,275,670.54,100,
2025-10-03 11:30:10,SPY,670.5900,360,670.6400,925,670.5950,51,
2025-10-03 11:30:11,SPY,670.5900,360,670.6400,925,670.5950,51,
2025-10-03 11:30:13,SPY,670.5900,360,670.6400,925,670.5950,51,
2025-10-03 11:30:14,SPY,670.5900,360,670.6400,925,670.5950,51,
2025-10-03 11:30:15,SPY,670.5900,360,670.6400,925,670.5950,51,
2025-10-03 11:30:16,SPY,670.6100,360,670.6600,"1,085",670.5950,51,
2025-10-03 11:30:17,SPY,670.6100,360,670.6600,"1,085",670.5950,51,
2025-10-03 11:30:18,SPY,670.6100,360,670.6600,"1,085",670.5950,51,
2025-10-03 11:30:19,SPY,670.6100,360,670.6600,"1,085",670.5950,51,
2025-10-03 11:30:20,SPY,670.6100,360,670.6600,"1,085",670.5950,51,
2025-10-03 11:30:22,SPY,670.6100,360,670.6600,"1,085",670.5950,51,
2025-10-03 11:30:23,SPY,670.63,360,670.68,100,670.64,100,
2025-10-03 11:30:24,SPY,670.63,360,670.68,100,670.64,100,
2025-10-03 11:30:25,SPY,670.63,360,670.68,100,670.64,100,
2025-10-03 11:30:26,SPY,670.63,360,670.68,100,670.64,100,
2025-10-03 11:30:27,SPY,670.63,360,670.68,100,670.64,100,
2025-10-03 11:30:28,SPY,670.6300,160,670.6800,281,670.6300,60,
2025-10-03 11:30:29,SPY,670.6300,160,670.6800,281,670.6300,60,
2025-10-03 11:30:30,SPY,670.6300,160,670.6800,281,670.6300,60,
2025-10-03 11:30:32,SPY,670.6300,160,670.6800,281,670.6300,60,
2025-10-03 11:30:33,SPY,670.6300,160,670.6800,281,670.6300,60,
2025-10-03 11:30:34,SPY,670.66,460,670.71,"1,087",670.64,1,
2025-10-03 11:30:35,SPY,670.66,460,670.71,"1,087",670.64,1,
2025-10-03 11:30:36,SPY,670.66,460,670.71,"1,087",670.64,1,
2025-10-03 11:30:37,SPY,670.66,460,670.71,"1,087",670.64,1,
2025-10-03 11:30:38,SPY,670.66,460,670.71,"1,087",670.64,1,
2025-10-03 11:30:39,SPY,670.66,460,670.71,"1,087",670.64,1,
2025-10-03 11:30:41,SPY,670.55,550,670.60,520,670.56,100,
2025-10-03 11:30:42,SPY,670.55,550,670.60,520,670.56,100,
2025-10-03 11:30:43,SPY,670.55,550,670.60,520,670.56,100,
2025-10-03 11:30:44,SPY,670.55,550,670.60,520,670.56,100,
2025-10-03 11:30:45,SPY,670.55,550,670.60,520,670.56,100,
2025-10-03 11:30:46,SPY,670.55,360,670.60,820,670.55,100,
2025-10-03 11:30:47,SPY,670.55,360,670.60,820,670.55,100,
2025-10-03 11:30:48,SPY,670.55,360,670.60,820,670.55,100,
2025-10-03 11:30:50,SPY,670.55,360,670.60,820,670.55,100,
2025-10-03 11:30:51,SPY,670.55,360,670.60,820,670.55,100,
2025-10-03 11:30:52,SPY,670.56,360,670.61,"1,553",670.56,94,
2025-10-03 11:30:53,SPY,670.56,360,670.61,"1,553",670.56,94,
2025-10-03 11:30:54,SPY,670.56,360,670.61,"1,553",670.56,94,
2025-10-03 11:30:55,SPY,670.56,360,670.61,"1,553",670.56,94,
2025-10-03 11:30:56,SPY,670.56,360,670.61,"1,553",670.56,94,
2025-10-03 11:30:57,SPY,670.56,360,670.61,"1,553",670.56,94,
2025-10-03 11:30:59,SPY,670.58,470,670.63,287,670.56,40,
2025-10-03 11:31:00,SPY,670.58,470,670.63,287,670.56,40,
2025-10-03 11:31:01,SPY,670.58,470,670.63,287,670.56,40,
2025-10-03 11:31:02,SPY,670.58,470,670.63,287,670.56,40,
2025-10-03 11:31:03,SPY,670.58,470,670.63,287,670.56,40,
2025-10-03 11:31:04,SPY,670.47,"1,070",670.52,770,670.57,100,
2025-10-03 11:31:05,SPY,670.47,"1,070",670.52,770,670.57,100,
2025-10-03 11:31:06,SPY,670.47,"1,070",670.52,770,670.57,100,
2025-10-03 11:31:07,SPY,670.47,"1,070",670.52,770,670.57,100,
2025-10-03 11:31:09,SPY,670.47,"1,070",670.52,770,670.57,100,
2025-10-03 11:31:10,SPY,670.38,360,670.43,460,670.41,100,
2025-10-03 11:31:11,SPY,670.38,360,670.43,460,670.41,100,
2025-10-03 11:31:12,SPY,670.38,360,670.43,460,670.41,100,
2025-10-03 11:31:13,SPY,670.38,360,670.43,460,670.41,100,
2025-10-03 11:31:14,SPY,670.38,360,670.43,460,670.41,100,
2025-10-03 11:31:15,SPY,670.38,360,670.43,460,670.41,100,
2025-10-03 11:31:16,SPY,670.38,400,670.43,300,670.43,100,
2025-10-03 11:31:18,SPY,670.38,400,670.43,300,670.43,100,
2025-10-03 11:31:19,SPY,670.38,400,670.43,300,670.43,100,
2025-10-03 11:31:20,SPY,670.38,400,670.43,300,670.43,100,
2025-10-03 11:31:21,SPY,670.38,400,670.43,300,670.43,100,
2025-10-03 11:31:22,SPY,670.35,300,670.40,660,670.37,28,
2025-10-03 11:31:23,SPY,670.35,300,670.40,660,670.37,28,
2025-10-03 11:31:24,SPY,670.35,300,670.40,660,670.37,28,
2025-10-03 11:31:25,SPY,670.35,300,670.40,660,670.37,28,
2025-10-03 11:31:27,SPY,670.35,300,670.40,660,670.37,28,
2025-10-03 11:31:28,SPY,670.35,550,670.41,320,670.33,60,
2025-10-03 11:31:29,SPY,670.35,550,670.41,320,670.33,60,
2025-10-03 11:31:30,SPY,670.35,550,670.41,320,670.33,60,
2025-10-03 11:31:31,SPY,670.35,550,670.41,320,670.33,60,
2025-10-03 11:31:32,SPY,670.35,550,670.41,320,670.33,60,
2025-10-03 11:31:33,SPY,670.35,550,670.41,320,670.33,60,
2025-10-03 11:31:34,SPY,670.50,560,670.55,300,670.41,8,
2025-10-03 11:31:35,SPY,670.50,560,670.55,300,670.41,8,
2025-10-03 11:31:37,SPY,670.50,560,670.55,300,670.41,8,
2025-10-03 11:31:38,SPY,670.50,560,670.55,300,670.41,8,
2025-10-03 11:31:39,SPY,670.50,560,670.55,300,670.41,8,
2025-10-03 11:31:40,SPY,670.47,"1,160",670.52,483,670.47,100,
2025-10-03 11:31:41,SPY,670.47,"1,160",670.52,483,670.47,100,
2025-10-03 11:31:42,SPY,670.47,"1,160",670.52,483,670.47,100,
2025-10-03 11:31:43,SPY,670.47,"1,160",670.52,483,670.47,100,
2025-10-03 11:31:44,SPY,670.47,"1,160",670.52,483,670.47,100,
2025-10-03 11:31:46,SPY,670.47,"1,160",670.50,530,670.48,100,
2025-10-03 11:31:47,SPY,670.45,352,670.50,530,670.48,100,
2025-10-03 11:31:48,SPY,670.45,352,670.50,530,670.48,100,
2025-10-03 11:31:49,SPY,670.45,352,670.50,530,670.48,100,
2025-10-03 11:31:50,SPY,670.45,352,670.50,530,670.48,100,
2025-10-03 11:31:51,SPY,670.45,352,670.50,530,670.48,100,
2025-10-03 11:31:52,SPY,670.33,300,670.38,"1,360",670.37,40,
2025-10-03 11:31:53,SPY,670.33,300,670.38,"1,360",670.37,40,
2025-10-03 11:31:55,SPY,670.33,300,670.38,"1,360",670.37,40,
2025-10-03 11:31:56,SPY,670.33,300,670.38,"1,360",670.37,40,
2025-10-03 11:31:57,SPY,670.33,300,670.38,"1,360",670.37,40,
2025-10-03 11:31:58,SPY,670.29,350,670.34,251,670.28,100,
2025-10-03 11:31:59,SPY,670.29,350,670.34,251,670.28,100,
2025-10-03 11:32:00,SPY,670.29,350,670.34,251,670.28,100,
2025-10-03 11:32:01,SPY,670.29,350,670.34,251,670.28,100,
2025-10-03 11:32:02,SPY,670.29,350,670.34,251,670.28,100,
2025-10-03 11:32:04,SPY,670.29,350,670.34,251,670.28,100,
2025-10-03 11:32:05,SPY,670.30,550,670.36,299,670.29,100,
2025-10-03 11:32:06,SPY,670.30,550,670.36,299,670.29,100,
2025-10-03 11:32:07,SPY,670.30,550,670.36,299,670.29,100,
2025-10-03 11:32:08,SPY,670.30,550,670.36,299,670.29,100,
2025-10-03 11:32:09,SPY,670.30,550,670.36,299,670.29,100,
2025-10-03 11:32:10,SPY,670.26,350,670.31,"1,150",670.32,6,
2025-10-03 11:32:11,SPY,670.26,350,670.31,"1,150",670.32,6,
2025-10-03 11:32:12,SPY,670.26,350,670.31,"1,150",670.32,6,
2025-10-03 11:32:14,SPY,670.26,350,670.31,"1,150",670.32,6,
2025-10-03 11:32:15,SPY,670.26,350,670.31,"1,150",670.32,6,
2025-10-03 11:32:16,SPY,670.20,270,670.25,550,670.24,1,
2025-10-03 11:32:17,SPY,670.20,270,670.25,550,670.24,1,
2025-10-03 11:32:18,SPY,670.20,270,670.25,550,670.24,1,
2025-10-03 11:32:19,SPY,670.20,270,670.25,550,670.24,1,
2025-10-03 11:32:20,SPY,670.20,270,670.25,550,670.24,1,
2025-10-03 11:32:21,SPY,670.20,270,670.25,550,670.24,1,
2025-10-03 11:32:23,SPY,670.11,550,670.16,"1,250",670.14,100,
2025-10-03 11:32:24,SPY,670.11,550,670.16,"1,250",670.14,100,
2025-10-03 11:32:25,SPY,670.11,550,670.16,"1,250",670.14,100,
2025-10-03 11:32:26,SPY,670.11,550,670.16,"1,250",670.14,100,
2025-10-03 11:32:27,SPY,670.11,550,670.16,"1,250",670.14,100,
2025-10-03 11:32:28,SPY,670.0800,360,670.1300,260,670.0800,11,
2025-10-03 11:32:29,SPY,670.0800,360,670.1300,260,670.0800,11,
2025-10-03 11:32:30,SPY,670.0800,360,670.1300,260,670.0800,11,
2025-10-03 11:32:32,SPY,670.0800,360,670.1300,260,670.0800,11,
2025-10-03 11:32:33,SPY,670.0800,360,670.1300,260,670.0800,11,
2025-10-03 11:32:34,SPY,670.07,"1,170",670.13,195,670.07,100,
2025-10-03 11:32:35,SPY,670.07,"1,170",670.13,195,670.07,100,
2025-10-03 11:32:36,SPY,670.07,"1,170",670.13,195,670.07,100,
2025-10-03 11:32:37,SPY,670.07,"1,170",670.13,195,670.07,100,
2025-10-03 11:32:38,SPY,670.07,"1,170",670.13,195,670.07,100,
2025-10-03 11:32:39,SPY,670.07,"1,170",670.13,195,670.07,100,
2025-10-03 11:32:41,SPY,670.01,460,670.06,350,670.08,100,
2025-10-03 11:32:42,SPY,670.01,460,670.06,350,670.08,100,
2025-10-03 11:32:43,SPY,670.01,460,670.06,350,670.08,100,
2025-10-03 11:32:44,SPY,670.01,460,670.06,350,670.08,100,
2025-10-03 11:32:45,SPY,670.01,460,670.06,350,670.08,100,
2025-10-03 11:32:46,SPY,669.98,350,670.03,900,669.99,100,
2025-10-03 11:32:47,SPY,669.98,350,670.03,900,669.99,100,
2025-10-03 11:32:48,SPY,669.98,350,670.03,900,669.99,100,
2025-10-03 11:32:50,SPY,669.98,350,670.03,900,669.99,100,
2025-10-03 11:32:51,SPY,669.98,350,670.03,900,669.99,100,
2025-10-03 11:32:52,SPY,669.93,260,669.98,360,669.96,4,
2025-10-03 11:32:53,SPY,669.93,260,669.98,360,669.96,4,
2025-10-03 11:32:54,SPY,669.93,260,669.98,360,669.96,4,
2025-10-03 11:32:55,SPY,669.93,260,669.98,360,669.96,4,
2025-10-03 11:32:56,SPY,669.93,260,669.98,360,669.96,4,
2025-10-03 11:32:57,SPY,669.93,260,669.98,360,669.96,4,
2025-10-03 11:32:58,SPY,669.91,250,669.96,"1,350",669.97,68,
2025-10-03 11:33:00,SPY,669.91,250,669.96,"1,350",669.97,68,
2025-10-03 11:33:01,SPY,669.91,250,669.96,"1,350",669.97,68,
2025-10-03 11:33:02,SPY,669.91,250,669.96,"1,350",669.97,68,
2025-10-03 11:33:03,SPY,669.91,250,669.96,"1,350",669.97,68,
2025-10-03 11:33:04,SPY,669.86,560,669.92,662,669.93,11,
2025-10-03 11:33:05,SPY,669.86,560,669.92,662,669.93,11,
2025-10-03 11:33:06,SPY,669.86,560,669.92,662,669.93,11,
2025-10-03 11:33:07,SPY,669.86,560,669.92,662,669.93,11,
2025-10-03 11:33:09,SPY,669.86,560,669.92,662,669.93,11,
2025-10-03 11:33:10,SPY,669.82,"1,360",669.87,570,669.88,20,
2025-10-03 11:33:11,SPY,669.82,"1,360",669.87,570,669.88,20,
2025-10-03 11:33:12,SPY,669.82,"1,360",669.87,570,669.88,20,
2025-10-03 11:33:13,SPY,669.82,"1,360",669.87,570,669.88,20,
2025-10-03 11:33:14,SPY,669.82,"1,360",669.87,570,669.88,20,
2025-10-03 11:33:15,SPY,669.82,"1,360",669.87,570,669.88,20,
2025-10-03 11:33:16,SPY,669.74,350,669.79,"1,350",669.76,100,
2025-10-03 11:33:17,SPY,669.74,350,669.79,"1,350",669.76,100,
2025-10-03 11:33:19,SPY,669.74,350,669.79,"1,350",669.76,100,
2025-10-03 11:33:20,SPY,669.74,350,669.79,"1,350",669.76,100,
2025-10-03 11:33:21,SPY,669.74,350,669.79,"1,350",669.76,100,
2025-10-03 11:33:22,SPY,669.70,260,669.75,560,669.73,100,
2025-10-03 11:33:23,SPY,669.70,260,669.75,560,669.73,100,
2025-10-03 11:33:24,SPY,669.70,260,669.75,560,669.73,100,
2025-10-03 11:33:25,SPY,669.70,260,669.75,560,669.73,100,
2025-10-03 11:33:26,SPY,669.70,260,669.75,560,669.73,100,
2025-10-03 11:33:28,SPY,669.70,260,669.72,591,669.60,2,
2025-10-03 11:33:29,SPY,669.67,560,669.72,591,669.60,2,
2025-10-03 11:33:30,SPY,669.67,560,669.72,591,669.60,2,
2025-10-03 11:33:31,SPY,669.67,560,669.72,591,669.60,2,
2025-10-03 11:33:32,SPY,669.67,560,669.72,591,669.60,2,
2025-10-03 11:33:33,SPY,669.67,560,669.72,591,669.60,2,
2025-10-03 11:33:34,SPY,669.81,570,669.86,"1,000",669.83,79,
2025-10-03 11:33:35,SPY,669.81,570,669.86,"1,000",669.83,79,
2025-10-03 11:33:37,SPY,669.81,570,669.86,"1,000",669.83,79,
2025-10-03 11:33:38,SPY,669.81,570,669.86,"1,000",669.83,79,
2025-10-03 11:33:39,SPY,669.81,570,669.86,"1,000",669.83,79,
2025-10-03 11:33:40,SPY,669.64,160,669.69,371,669.75,100,
2025-10-03 11:33:41,SPY,669.64,160,669.69,371,669.75,100,
2025-10-03 11:33:42,SPY,669.64,160,669.69,371,669.75,100,
2025-10-03 11:33:43,SPY,669.64,160,669.69,371,669.75,100,
2025-10-03 11:33:44,SPY,669.64,160,669.69,371,669.75,100,
2025-10-03 11:33:46,SPY,669.64,160,669.69,371,669.75,100,
2025-10-03 11:33:47,SPY,669.66,450,669.71,"1,150",669.67,100,
2025-10-03 11:33:48,SPY,669.66,450,669.71,"1,150",669.67,100,
2025-10-03 11:33:49,SPY,669.66,450,669.71,"1,150",669.67,100,
2025-10-03 11:33:50,SPY,669.66,450,669.71,"1,150",669.67,100,
2025-10-03 11:33:51,SPY,669.66,450,669.71,"1,150",669.67,100,
2025-10-03 11:33:52,SPY,669.63,250,669.68,360,669.63,50,
2025-10-03 11:33:53,SPY,669.63,250,669.68,360,669.63,50,
2025-10-03 11:33:55,SPY,669.63,250,669.68,360,669.63,50,
2025-10-03 11:33:56,SPY,669.63,250,669.68,360,669.63,50,
2025-10-03 11:33:57,SPY,669.63,250,669.68,360,669.63,50,
2025-10-03 11:33:58,SPY,669.77,350,669.82,201,669.63,50,
2025-10-03 11:33:59,SPY,669.77,350,669.82,201,669.63,50,
2025-10-03 11:34:00,SPY,669.77,350,669.82,201,669.63,50,
2025-10-03 11:34:01,SPY,669.77,350,669.82,201,669.63,50,
2025-10-03 11:34:03,SPY,669.77,350,669.82,201,669.63,50,
2025-10-03 11:34:04,SPY,669.69,260,669.74,"1,350",669.68,100,
2025-10-03 11:34:05,SPY,669.69,260,669.74,"1,350",669.68,100,
2025-10-03 11:34:06,SPY,669.69,260,669.74,"1,350",669.68,100,
2025-10-03 11:34:07,SPY,669.69,260,669.74,"1,350",669.68,100,
2025-10-03 11:34:08,SPY,669.69,260,669.74,"1,350",669.68,100,
2025-10-03 11:34:09,SPY,669.69,260,669.74,"1,350",669.68,100,
2025-10-03 11:34:10,SPY,669.73,260,669.78,200,669.68,100,
2025-10-03 11:34:11,SPY,669.73,260,669.78,200,669.68,100,
2025-10-03 11:34:14,SPY,669.73,260,669.78,200,669.68,100,
2025-10-03 11:34:15,SPY,669.73,260,669.78,200,669.68,100,
2025-10-03 11:34:16,SPY,669.71,250,669.76,120,669.72,60,
2025-10-03 11:34:17,SPY,669.71,250,669.76,120,669.72,60,
2025-10-03 11:34:19,SPY,669.71,250,669.76,120,669.72,60,
2025-10-03 11:34:20,SPY,669.71,250,669.76,120,669.72,60,
2025-10-03 11:34:21,SPY,669.71,250,669.76,120,669.72,60,
2025-10-03 11:34:22,SPY,669.83,460,669.88,100,669.69,47,
2025-10-03 11:34:23,SPY,669.83,460,669.88,100,669.69,47,
2025-10-03 11:34:24,SPY,669.83,460,669.88,100,669.69,47,
2025-10-03 11:34:25,SPY,669.83,460,669.88,100,669.69,47,
2025-10-03 11:34:26,SPY,669.83,460,669.88,100,669.69,47,
2025-10-03 11:34:28,SPY,669.83,460,669.88,100,669.69,47,
2025-10-03 11:34:29,SPY,669.76,460,669.81,"1,160",669.83,100,
